Date,Boat name,Sample,Class,Item,Species,Quantity,Unit,Weight (kg),Rate (Price/kg),Total Price,Vendor,Remarks
01-11-2018,Kelbai,LVB88,High Value Species,Acetes,Acetes indicus,8,Crate,224,,2400,,
03-11-2018,Shri Siddesh,NS18,High Value Species,Acetes,Acetes indicus,0.5,Crate,18,,50,Swapnil,"Couldn’t be auctioned off, so sold as trash."
15-11-2018,Dwarkadish,LVB91,High Value Species,Acetes,Acetes indicus,9,Crate,252,0,0,,Unsold - because spoilt. So discarded!
03-12-2018,Ganadish,T-031218-01,High Value Species,Alepes,Alepes djedaba,1,Crate,1.5,,100,,
12-12-2018,Omkar Ishwar,T-121218-01,High Value Species,Alepes,Alepes sp.,2,Crate,54,,1500,,"One sold for 800, the other one guessed at 700"
05-02-2019,Kohinoor,,High Value Species,Alepes,Alepes sp.,2,Crate,56,,1400,,
11-02-2019,Soumya,T-110219-01,High Value Species,Alepes,Alepes sp.,1,Basket,1,50,50,,
13-02-2019,Mansarovar,T-130219-01,High Value Species,Alepes,Alepes sp.,3,Basket,3,,200,,Price estimated
11-03-2019,Badrakali,T-110319-01,High Value Species,Alepes,Alepes sp.,0.25,Crate,7,,100,,
13-03-2019,Chintamani,T-130819-01,High Value Species,Alepes,Alepes sp.,0.5,Basket,0.5,,50,,
15-03-2019,Kohinoor,T-150819-01,High Value Species,Alepes,Alepes sp.,0.5,Crate,14,,500,,
21-03-2019,Nageshwar Prasad,T-210319-01,High Value Species,Alepes,Alepes sp.,0.75,Crate,25,,1200,,
23-03-2019,Arundaye,T-230319-01,High Value Species,Alepes,Alepes sp.,3,Basket,3,50,,,
25-03-2019,Badrakali,T-250319-01,High Value Species,Alepes,Alepes sp.,0.2,Crate,5,,300,,Price guessed
29-03-2019,Gurudutt,T-290319-01,High Value Species,Alepes,Alepes sp.,0.33,Crate,9,,,,
05-02-2019,Kohinoor,,High Value Species,Anchovies,,0.2,Crate,5,,200,,Estimated
27-02-2019,Dhanalakshmi3,T-270219-01,High Value Species,Anchovies,Stolephorus sp.,1,Crate,28,,1200,,
21-03-2019,Nageshwar Prasad,T-210319-01,High Value Species,Anchovies,Stolephorus sp.,0.2,Crate,5,,350,,
02-11-2018,Vishaka,LVB89,High Value Species,Anchovies,Stolephorus sp.,1.2,Crate,36,,700,,
03-11-2018,Shri Siddesh,NS18,High Value Species,Anchovies,Stolephorus sp.,1,Crate,28,900,900,,Called Mothiyar?
01-11-2018,Kelbai,LVB88,High Value Species,Anchovies,Stolephorus sp.,3,Basket,3,,250,,
01-11-2018,Kelbai,LVB88,High Value Species,Anchovies,Stolephorus sp.,0.75,Crate,21,,850,,
27-11-2018,Kohinoor,LVB94,Elasmobranchs,Arabian bamboo shark,Chiloscyllium arabicum,1,Number,1,,100,,
06-12-2018,Omkar2,,Elasmobranchs,Arabian bamboo shark,Chiloscyllium arabicum,5,Number,2.5,,200,,200 for all elasmobranchs. Measurements in elasmobranch sheet
28-01-2019,Mangal Moorthi,T-280119-01,Elasmobranchs,Arabian bamboo shark,Chiloscyllium arabicum,1,Number,0.75,,150,,"Female, alive. 150 for this and the rays"
05-02-2019,Kohinoor,,Elasmobranchs,Arabian bamboo shark,Chiloscyllium arabicum,1,Number,0.5,,,,Sold along with the kokri
10-02-2019,Akash,,Elasmobranchs,Arabian bamboo shark,Chiloscyllium arabicum,4,Number,1.5,,350,,"350 for sharks, rays and flathead"
15-11-2018,Dwarkadish,LVB91,Elasmobranchs,Bamboo sharks,Chiloscyllium arabicum,0.25,Crate,6,,300,,Many juveniles
30-01-2019,Omkar2,T-300119-01,Elasmobranchs,Bamboo sharks,Chiloscyllium sp.,3,Number,2,,100,,
11-02-2019,Soumya,T-110219-01,Elasmobranchs,Bamboo sharks,Chiloscyllium sp.,2,Number,1,,100,,"Was one more, discarded and released (still alive!) 100 for rays, sharks, queenfish"
11-03-2019,Badrakali,T-110319-01,Elasmobranchs,Bamboo sharks,Chiloscyllium sp.,3,Number,1,,450,,450 for sharks and rays
15-03-2019,Kohinoor,T-150819-01,Elasmobranchs,Bamboo sharks,Chiloscyllium sp.,1,Number,0.5,,,,Sold along with rays
23-03-2019,Arundaye,T-230319-01,Elasmobranchs,Bamboo sharks,Chiloscyllium sp.,1,Number,0.5,,,,
25-03-2019,Badrakali,T-250319-01,Elasmobranchs,Bamboo sharks,Chiloscyllium sp.,2,Number,0.5,,,,Sold along with rays
04-04-2019,Mansarovar,,Elasmobranchs,Bamboo sharks,Chiloscyllium sp.,4,Number,1,150,150,,
26-04-2019,Badrakali,T-260419-01,Elasmobranchs,Bamboo sharks,Chiloscyllium sp.,6,Number,1.5,,,,Sold along with the rays
01-11-2018,Kelbai,LVB88,High Value Species,Bangda,Rastrelliger kanagurta,3,Basket,3,,150,,
02-11-2018,Vishaka,LVB89,High Value Species,Bangda,Rastrelliger kanagurta,1,Crate,30,1500,1500,,
03-11-2018,Shri Siddesh,NS18,High Value Species,Bangda,Rastrelliger kanagurta,4,Basket,4,150,600,,
07-11-2018,Lakshmi,,High Value Species,Bangda,Rastrelliger kanagurta,6,Crate,168,,9600,,
13-11-2018,Gandharva,LVB90,High Value Species,Bangda,Rastrelliger kanagurta,1.5,Crate,42,,3500,,
15-11-2018,Dwarkadish,LVB91,High Value Species,Bangda,Rastrelliger kanagurta,0.5,Crate,14,,400,,
24-11-2018,Om Sai,LVB93,High Value Species,Bangda,Rastrelliger kanagurta,1,Basket,1,,50,,
27-11-2018,Kohinoor,LVB94,High Value Species,Bangda,Rastrelliger kanagurta,0.2,Crate,4,,300,,
27-11-2018,Kohinoor,LVB94,High Value Species,Bangda,Rastrelliger kanagurta,5,Basket,5,100,500,,
29-11-2018,Ratna Bharti,T-291118-01,High Value Species,Bangda,Rastrelliger kanagurta,1,Crate,28,,700,,
05-12-2018,Dolphin,T-051118-01,High Value Species,Bangda,Rastrelliger kanagurta,,,10,,520,,Noted from agent
11-12-2018,Dhanalakshmi,T-111218-01,High Value Species,Bangda,Rastrelliger kanagurta,1,Basket,1,150,150,,Guessed
24-12-2018,Soumya,T-241218-01,High Value Species,Bangda,Rastrelliger kanagurta,4,Basket,5,,400,,Big baskets!
25-12-2018,Darya Sagar,NS-251218-01,High Value Species,Bangda,Rastrelliger kanagurta,7,Basket,7,125,875,,
02-01-2019,Hemavati,T-020119-01,High Value Species,Bangda,Rastrelliger kanagurta,1,Basket,1,,150,,
04-01-2019,Soumya,T-040119-01,High Value Species,Bangda,Rastrelliger kanagurta,2,Basket,2,100,200,,
09-01-2019,Vishaka,,High Value Species,Bangda,Rastrelliger kanagurta,,,6,150,900,,
,,,High Value Species,Bangda,Rastrelliger kanagurta,0.5,Crate,14,,500,,
,,,High Value Species,Bangda,,0.5,Crate,14,,680,,
05-02-2019,Kohinoor,,High Value Species,Bangda,Rastrelliger kanagurta,5,Basket,5,,850,,
07-02-2019,Krantiveer,T-070219-01,High Value Species,Bangda,Rastrelliger kanagurta,3,Basket,3,,800,,Very high price!
13-02-2019,Mansarovar,T-130219-01,High Value Species,Bangda,Rastrelliger kanagurta,1,Crate,30,,3200,,
19-02-2019,Audumbar,T-190219-01,High Value Species,Bangda,Rastrelliger kanagurta,0.5,Crate,14,50,700,,Estimated
21-02-2019,Shri Ganesh,T-210219-01,High Value Species,Bangda,Rastrelliger kanagurta,7,Basket,7,,1175,,Estimated
25-02-2019,Vittal Krupa,T-250219-01,High Value Species,Bangda,Rastrelliger kanagurta,1,Basket,1,,200,,
04-03-2019,Kelbai,T-040319-01,High Value Species,Bangda,Rastrelliger kanagurta,3,Basket,3,,250,,Estimated
11-03-2019,Badrakali,T-110319-01,High Value Species,Bangda,Rastrelliger kanagurta,2,Basket,2,,150,,Estimated
13-03-2019,Chintamani,T-130819-01,High Value Species,Bangda,Rastrelliger kanagurta,1,Basket,1,150,150,,
15-03-2019,Kohinoor,T-150819-01,High Value Species,Bangda,Rastrelliger kanagurta,0.25,Crate,7,,1300,,
15-03-2019,Kohinoor,T-150819-01,High Value Species,Bangda,Rastrelliger kanagurta,3,Basket,3,,550,,
18-03-2019,Badrakali,T-180319-01,High Value Species,Bangda,,1,Basket,1,,200,,Quantity guessed
21-03-2019,Nageshwar Prasad,T-210319-01,High Value Species,Bangda,Rastrelliger kanagurta,1,Basket,1,100,100,,
25-03-2019,Badrakali,T-250319-01,High Value Species,Bangda,Rastrelliger kanagurta,2,Basket,2,,350,,
29-03-2019,Gurudutt,T-290319-01,High Value Species,Bangda,Rastrelliger kanagurta,0.2,Crate,5.5,,650,,
04-04-2019,Mansarovar,,High Value Species,Bangda,Rastrelliger kanagurta,2,Basket,2,,250,,
08-04-2019,Dhanalakshmi,,High Value Species,Bangda,Rastrelliger kanagurta,2,Basket,2,150,300,,
19-04-2019,Vishaka,T-190419-01,High Value Species,Bangda,,1,Basket,1,120,120,,
09-11-2018,Kelbai,,High Value Species,Bangda,Rastrelliger kanagurta,10,Basket,10,125,1250,,
03-12-2018,Ganadish,T-031218-01,High Value Species,Bangda,Rastrelliger kanagurta,1.25,Crate,43.5,,3150,,"Around 29 baskets, ~1.5kg each. "
09-11-2018,Kelbai,,High Value Species,Bangda,Rastrelliger kanagurta,4,Basket,4,50,200,,
03-12-2018,Ganadish,T-031218-01,High Value Species,Bangda,Rastrelliger kanagurta,0.75,Crate,21,,800,,
02-11-2018,Vishaka,LVB89,High Value Species,Barracuda,Sphyraena sp.,4,Basket,4,100,400,,
03-11-2018,Shri Siddesh,NS18,High Value Species,Barracuda,Sphyraena sp.,2,Basket,2,,200,,Guestimated
13-11-2018,Gandharva,LVB90,High Value Species,Barracuda,Sphyraena sp.,2,Basket,2,,125,,
19-11-2018,Vittal Krupa,,High Value Species,Barracuda,Sphyraena sp.,1,Basket,1,80,80,,
24-11-2018,Om Sai,LVB93,High Value Species,Barracuda,Sphyraena sp.,2,Basket,2,,250,,
27-11-2018,Kohinoor,LVB94,High Value Species,Barracuda,Sphyraena sp.,0.2,Crate,5,,400,,
03-12-2018,Ganadish,T-031218-01,High Value Species,Barracuda,Sphyraena sp.,0.2,Crate,5,,435,,
11-12-2018,Dhanalakshmi,T-111218-01,High Value Species,Barracuda,Sphyraena sp.,0.5,Basket,0.5,,50,,
12-12-2018,Omkar Ishwar,T-121218-01,High Value Species,Barracuda,Sphyraena sp.,2,Basket,1,,150,,"""Bodave"" in Marathi"
20-12-2018,Hemavati,,High Value Species,Barracuda,Sphyraena sp.,1,Basket,1,50,50,,
24-12-2018,Soumya,T-241218-01,High Value Species,Barracuda,,1,Basket,1.5,,50,,Guessed. Big basket
25-12-2018,Darya Sagar,NS-251218-01,High Value Species,Barracuda,Sphyraena sp.,1,Basket,1,,80,,
25-12-2018,Darya Sagar,NS-251218-01,High Value Species,Barracuda,Sphyraena sp.,0.33,Crate,9,,450,,
09-01-2019,Vishaka,,High Value Species,Barracuda,Sphyraena sp.,1,Basket,1,,150,,
04-03-2019,Kelbai,T-040319-01,High Value Species,Barracuda,Sphyraena sp.,1,Basket,1,75,75,,Estimated
15-03-2019,Kohinoor,T-150819-01,High Value Species,Barracuda,Sphyraena sp.,1,Basket,1,50,50,,
08-04-2019,Dhanalakshmi,,High Value Species,Barracuda,Sphyraena sp.,2,Basket,2,,150,,
13-02-2019,Mansarovar,T-130219-01,High Value Species,Barracuda,Sphyraena sp.,0.25,Crate,7,,800,,
11-02-2019,Soumya,T-110219-01,High Value Species,Barracuda,Sphyraena sp.,1,Basket,1,50,50,,
03-11-2018,Shri Siddesh,NS18,High Value Species,Carangids,,3,Basket,3,,275,,
13-11-2018,Gandharva,LVB90,High Value Species,Carangids,,1,Basket,1,,25,,
07-11-2018,Lakshmi,,High Value Species,Catfish,Arius sp.,8,Crate,224,,4000,,
27-11-2018,Kohinoor,LVB94,High Value Species,Catfish,Arius sp.,1,Crate,28,,500,,
24-12-2018,Soumya,T-241218-01,High Value Species,Catfish,,1,Basket,1.5,,100,,Big basket
29-03-2019,Gurudutt,T-290319-01,High Value Species,Catfish,,1,Number,5,,700,,Weight estimated
03-11-2018,Shri Siddesh,NS18,High Value Species,Chappal,,1,Fish,1.5,,150,,Guestimated
27-02-2019,Dhanalakshmi3,T-270219-01,High Value Species,Chappal,,2,Number,0.5,,,,Given for free
04-03-2019,Kelbai,T-040319-01,High Value Species,Chappal,,2,Number,0.5,,50,,
08-03-2019,Siddaprasad,T-080319-01,High Value Species,Chappal,,3,Number,1,,100,,
13-11-2018,Gandharva,LVB90,High Value Species,Clupeids,,2.5,Crate,62,14,868,,Sold at end. Not sampled
01-11-2018,Kelbai,LVB88,High Value Species,Cobia,Rachycentron canadum,1,Basket,1,,50,,
03-11-2018,Shri Siddesh,NS18,High Value Species,Cobia,Rachycentron canadum,3,Basket,3,,150,,
05-12-2018,Dolphin,T-051118-01,High Value Species,Cobia,Rachycentron canadum,1,Basket,1,,100,,Guessed
07-11-2018,Lakshmi,,High Value Species,Crabs,Portunus sp.,13,Basket,6.5,,1950,,
15-11-2018,Dwarkadish,LVB91,High Value Species,Crabs,Portunus sp.,0.75,Crate,8,,1000,,"Sold, but not written in agent's book"
23-11-2018,Nageshwar Prasad,,High Value Species,Crabs,Portunus sp.,0.5,Crate,6,,650,,
27-11-2018,Kohinoor,LVB94,High Value Species,Crabs,Portunus sp.,2,Basket,1,,200,,
06-12-2018,Omkar2,,High Value Species,Crabs,Portunus sp.,,,2,,200,,
18-12-2018,Dwarkadish,NS-181218-01,High Value Species,Crabs,Portunus sp.,5,Basket,2.5,,250,,
25-12-2018,Darya Sagar,NS-251218-01,High Value Species,Crabs,,1,Basket,0.5,,50,,Price estimated
02-01-2019,Hemavati,T-020119-01,High Value Species,Crabs,Portunus sp.,0.5,Crate,5,,600,,
28-01-2019,Mangal Moorthi,T-280119-01,High Value Species,Crabs,,1,Crate,12,,800,,
05-02-2019,Kohinoor,,High Value Species,Crabs,Portunus sp.,,,2,,200,,Estimated
10-02-2019,Akash,,High Value Species,Crabs,Portunus sp.,,,3,,475,,
11-02-2019,Soumya,T-110219-01,High Value Species,Crabs,Portunus sp.,0.5,Crate,6,,300,,
25-02-2019,Vittal Krupa,T-250219-01,High Value Species,Crabs,Portunus sp.,5,Basket,2,,350,,
27-02-2019,Dhanalakshmi3,T-270219-01,High Value Species,Crabs,Portunus sp.,1,Basket,0.5,,0,,Given away for free?
04-03-2019,Kelbai,T-040319-01,High Value Species,Crabs,,0.33,Crate,5,,500,,
04-03-2019,Kelbai,T-040319-01,High Value Species,Crabs,,2,Basket,1,,100,,Estimated
11-03-2019,Badrakali,T-110319-01,High Value Species,Crabs,,0.75,Crate,8,,900,,
13-03-2019,Chintamani,T-130819-01,High Value Species,Crabs,,0.2,Crate,3,,400,,
15-03-2019,Kohinoor,T-150819-01,High Value Species,Crabs,,0.2,Crate,3,,200,,
18-03-2019,Badrakali,T-180319-01,High Value Species,Crabs,Portunus sp.,0.25,Crate,3,,200,,
21-03-2019,Nageshwar Prasad,T-210319-01,High Value Species,Crabs,,1,Basket,0.5,,100,,
23-03-2019,Arundaye,T-230319-01,High Value Species,Crabs,,7,Basket,3,,,,
25-03-2019,Badrakali,T-250319-01,High Value Species,Crabs,Charybdis feriata,7,Basket,3,,670,,
17-04-2019,Dhanalakshmi2,T-170419-01,High Value Species,Crabs,,0.5,Crate,7,,550,,
26-04-2019,Badrakali,T-260419-01,High Value Species,Crabs,,4,Basket,2,,400,,
13-03-2019,Chintamani,T-130819-01,High Value Species,Croaker,,1,Basket,1,150,150,,
21-03-2019,Nageshwar Prasad,T-210319-01,High Value Species,Croaker,,1,Basket,1,,80,,
23-03-2019,Arundaye,T-230319-01,High Value Species,Croaker,,0.5,Crate,14,,,,
04-04-2019,Mansarovar,,High Value Species,Croaker,,1,Basket,1,370,370,,
08-04-2019,Dhanalakshmi,,High Value Species,Croaker,,3,Basket,3,,200,,
17-04-2019,Dhanalakshmi2,T-170419-01,High Value Species,Croaker,,2,Basket,2,65,130,,
26-04-2019,Badrakali,T-260419-01,High Value Species,Croaker,,,,7,,370,,
04-04-2019,Mansarovar,,High Value Species,Croaker,,1,Crate,28,,2700,,
02-11-2018,Vishaka,LVB89,High Value Species,Croaker,,3,Basket,3,,200,,
03-11-2018,Shri Siddesh,NS18,High Value Species,Croaker,,1,Basket,1,,50,,
09-11-2018,Kelbai,,High Value Species,Croaker,,1,Crate,28,,800,,Didn't get sold?
09-11-2018,Kelbai,,High Value Species,Croaker,,1,Crate,28,,,,
19-11-2018,Vittal Krupa,,High Value Species,Croaker,,1,Basket,1,100,100,,
23-11-2018,Nageshwar Prasad,,High Value Species,Croaker,,0.5,Crate,15,,500,,
24-11-2018,Om Sai,LVB93,High Value Species,Croaker,,0.75,Crate,21,,600,,
29-11-2018,Ratna Bharti,T-291118-01,High Value Species,Croaker,,0.25,Crate,7,,200,,
03-12-2018,Ganadish,T-031218-01,High Value Species,Croaker,,1,Basket,1,,150,,
05-12-2018,Dolphin,T-051118-01,High Value Species,Croaker,,,,3.5,,100,,Noted from agent
11-12-2018,Dhanalakshmi,T-111218-01,High Value Species,Croaker,,1,Basket,1,100,100,,
12-12-2018,Omkar Ishwar,T-121218-01,High Value Species,Croaker,,1,Basket,1,,100,,
18-12-2018,Dwarkadish,NS-181218-01,High Value Species,Croaker,,1.5,Basket,1.5,,0,,Kept for personal consumption
24-12-2018,Soumya,T-241218-01,High Value Species,Croaker,,0.75,Crate,21,,450,,"Quantity estimated, already sold"
,,,High Value Species,Croaker,,2,Basket,,,,,
30-01-2019,Omkar2,T-300119-01,High Value Species,Croaker,,,,3,,300,,
10-02-2019,Akash,,High Value Species,Croaker,,,,24,,900,,
11-02-2019,Soumya,T-110219-01,High Value Species,Croaker,,1,Crate,25,,1700,,Quantity guessed!
11-02-2019,Soumya,T-110219-01,High Value Species,Croaker,,,,2,,300,,Quantity guessed!
19-02-2019,Audumbar,T-190219-01,High Value Species,Croaker,,2.5,Crate,70,,3000,,Estimated
21-02-2019,Shri Ganesh,T-210219-01,High Value Species,Croaker,,1,Basket,1,50,50,,
25-02-2019,Vittal Krupa,T-250219-01,High Value Species,Croaker,,1,Basket,1,,,,
04-03-2019,Kelbai,T-040319-01,High Value Species,Croaker,,,,5,,500,,
18-03-2019,Badrakali,T-180319-01,High Value Species,Croaker,,2,Basket,2,,250,,Quantity guessed
25-03-2019,Badrakali,T-250319-01,High Value Species,Croaker,,0.2,Crate,5,,400,,
19-04-2019,Vishaka,T-190419-01,High Value Species,Croaker,,1,Basket,1,400,400,,Very high! Re-confirm?
13-11-2018,Gandharva,LVB90,High Value Species,Croaker,,1,Crate,28,,800,,
15-11-2018,Dwarkadish,LVB91,High Value Species,Croaker,,2,Basket,3,,250,,
27-11-2018,Kohinoor,LVB94,High Value Species,Croaker,,5,Basket,5,,600,,
06-12-2018,Omkar2,,High Value Species,Croaker,,2,Basket,2,,200,,
24-12-2018,Soumya,T-241218-01,High Value Species,Croaker,,1,Basket,1.5,,100,,Big basket
25-12-2018,Darya Sagar,NS-251218-01,High Value Species,Croaker,,,,3,,450,,
28-01-2019,Mangal Moorthi,T-280119-01,High Value Species,Croaker,,2,Basket,2,,250,,
05-02-2019,Kohinoor,,High Value Species,Croaker,,,,3,,500,,
05-02-2019,Kohinoor,,High Value Species,Croaker,,0.5,Crate,14,,1250,,
13-02-2019,Mansarovar,T-130219-01,High Value Species,Croaker,,,,3,,400,,
11-03-2019,Badrakali,T-110319-01,High Value Species,Croaker,,1,Basket,1,,350,,
13-11-2018,Gandharva,LVB90,High Value Species,Croaker,,4,Crate,112,,3200,,
15-11-2018,Dwarkadish,LVB91,High Value Species,Croaker,,1,Crate,28,,1300,,
27-11-2018,Kohinoor,LVB94,High Value Species,Croaker,,1,Crate,28,,1300,,
06-12-2018,Omkar2,,High Value Species,Croaker,,0.2,Crate,5,,200,,
25-12-2018,Darya Sagar,NS-251218-01,High Value Species,Croaker,,0.2,Crate,5,,200,,Price estimated
28-01-2019,Mangal Moorthi,T-280119-01,High Value Species,Croaker,,0.2,Crate,5,,450,,
30-01-2019,Omkar2,T-300119-01,High Value Species,Croaker,,1,Basket,1,80,80,,
05-02-2019,Kohinoor,,High Value Species,Croaker,,1,Crate,28,,1500,,
13-02-2019,Mansarovar,T-130219-01,High Value Species,Croaker,,,,2,,125,,
11-03-2019,Badrakali,T-110319-01,High Value Species,Croaker,,0.5,Basket,0.5,,50,,Estimated
06-11-2018,Pavnai,,High Value Species,Cuttlefish,,,,13,30,390,,
13-11-2018,Gandharva,LVB90,High Value Species,Cuttlefish,,0.5,Crate,14,30,420,,Prices estimated from previous week. Double check
24-12-2018,Soumya,T-241218-01,High Value Species,Cuttlefish,,1,Number,0.5,,,,Kept for personal use?
28-01-2019,Mangal Moorthi,T-280119-01,High Value Species,Cuttlefish,Sepiella inermis,,,10,30,300,,
05-02-2019,Kohinoor,,High Value Species,Cuttlefish,,1,Crate,25,20,500,,Estimated weight 
21-02-2019,Shri Ganesh,T-210219-01,High Value Species,Cuttlefish,Sepiella inermis,,,6,15,90,,Not sure if sold
25-02-2019,Vittal Krupa,T-250219-01,High Value Species,Cuttlefish,Sepiella inermis,,,4,30,120,,
04-03-2019,Kelbai,T-040319-01,High Value Species,Cuttlefish,Sepiella inermis,,,5.5,30,165,,
15-11-2018,Dwarkadish,LVB91,High Value Species,Cynoglossids,Cynoglossus sp.,1,Crate,40,50,2000,,
23-11-2018,Nageshwar Prasad,,High Value Species,Cynoglossids,Cynoglossus sp.,,,220,65,14300,,
24-11-2018,Om Sai,LVB93,High Value Species,Cynoglossids,Cynoglossus sp.,,,,,,,
03-12-2018,Ganadish,T-031218-01,High Value Species,Cynoglossids,Cynoglossus sp.,2,Basket,3,,150,,
11-12-2018,Dhanalakshmi,T-111218-01,High Value Species,Cynoglossids,Cynoglossus sp.,11,Basket,11,80,880,,
18-12-2018,Dwarkadish,NS-181218-01,High Value Species,Cynoglossids,Cynoglossus sp.,0.2,Crate,5.5,150,825,,
20-12-2018,Hemavati,,High Value Species,Cynoglossids,Cynoglossus sp.,2,Crate,56,147,8232,,"Rate of lep auctioned, then sold to traders"
24-12-2018,Soumya,T-241218-01,High Value Species,Cynoglossids,Cynoglossus sp.,3,Crate,90,100,9000,,Will be sold in Goa
02-01-2019,Hemavati,T-020119-01,High Value Species,Cynoglossids,Cynoglossus sp.,,,41,155,6355,,
04-01-2019,Soumya,T-040119-01,High Value Species,Cynoglossids,Cynoglossus sp.,1,Basket,0.5,70,70,,
04-01-2019,Soumya,T-040119-01,High Value Species,Cynoglossids,Cynoglossus sp.,,,16,160,2560,,
09-01-2019,Vishaka,,High Value Species,Cynoglossids,Cynoglossus sp.,,,5,50,250,,
28-01-2019,Mangal Moorthi,T-280119-01,High Value Species,Cynoglossids,Cynoglossus sp.,5,Crate,140,130,18200,,
30-01-2019,Omkar2,T-300119-01,High Value Species,Cynoglossids,,2,Crate,56,130,7280,,
10-02-2019,Akash,,High Value Species,Cynoglossids,Cynoglossus sp.,1.5,Crate,40,180,7200,,
11-02-2019,Soumya,T-110219-01,High Value Species,Cynoglossids,Cynoglossus sp.,1.75,Crate,45,190,8550,,
25-02-2019,Vittal Krupa,T-250219-01,High Value Species,Cynoglossids,Cynoglossus sp.,1,Crate,30,,,,Rate unknown!
04-03-2019,Kelbai,T-040319-01,High Value Species,Cynoglossids,,0.75,Crate,21,200,4200,,
13-03-2019,Chintamani,T-130819-01,High Value Species,Cynoglossids,Cynoglossus sp.,1,Basket,1,50,50,,
13-03-2019,Chintamani,T-130819-01,High Value Species,Cynoglossids,Cynoglossus sp.,0.25,Crate,6,200,1200,,
18-03-2019,Badrakali,T-180319-01,High Value Species,Cynoglossids,Cynoglossus sp.,1,Crate,28,180,5040,,
23-03-2019,Arundaye,T-230319-01,High Value Species,Cynoglossids,Cynoglossus sp.,0.5,Crate,15,,,,
25-03-2019,Badrakali,T-250319-01,High Value Species,Cynoglossids,Cynoglossus sp.,0.5,Crate,13,200,2600,,
08-04-2019,Dhanalakshmi,,High Value Species,Cynoglossids,Cynoglossus sp.,1,Crate,23,85,1955,,
19-04-2019,Vishaka,T-190419-01,High Value Species,Cynoglossids,Cynoglossus sp.,2,Crate,45,100,4500,,
19-04-2019,Vishaka,T-190419-01,High Value Species,Cynoglossids,Cynoglossus sp.,1,Basket,1,300,300,,
26-04-2019,Badrakali,T-260419-01,High Value Species,Cynoglossids,Cynoglossus sp.,2,Crate,64,185,11840,,
17-04-2019,Dhanalakshmi2,T-170419-01,High Value Species,Cynoglossids,Cynoglossus sp.,2,Crate,70,125,8750,,
09-01-2019,Vishaka,,High Value Species,Doma,,0.5,Crate,14,,500,,
29-11-2018,Ratna Bharti,T-291118-01,High Value Species,Eagle ray,Aetobatus sp.,2,Number,1,,67,,Elasmobranch sheet for measurements
06-12-2018,Omkar2,,High Value Species,Eagle ray,Aetobatus sp.,1,Number,0.3,,,,
28-01-2019,Mangal Moorthi,T-280119-01,High Value Species,Eel,,1,Number,1.5,,100,,
13-03-2019,Chintamani,T-130819-01,High Value Species,Eel,,1,Number,1.5,,50,,Weight guessed
04-04-2019,Mansarovar,,High Value Species,Eel,,1,Number,1,80,80,,
08-04-2019,Dhanalakshmi,,High Value Species,Eel,,1,Number,1,50,50,,
04-01-2019,Soumya,T-040119-01,High Value Species,Elasmobranchs,,,,2.5,,75,,"5 bamboo sharks, 7 small spadenose, 2 scaly. Also 1 spiny flathead. See elasmobranch sheet for measurements"
16-11-2018,Om Sai,,High Value Species,Fish,,1,Basket,1,80,80,,
09-01-2019,Vishaka,,High Value Species,Fish,,2,Basket,2,,50,,"""Gobare""?"
09-01-2019,Vishaka,,High Value Species,Fish,,1,Basket,1,,100,,"""Shetaka""?"
05-02-2019,Kohinoor,,High Value Species,Fish,,3,Basket,3,,200,,Missed out these baskets. Price estimated
21-02-2019,Shri Ganesh,T-210219-01,High Value Species,Fish,,,,2.2,675,1485,,Unknown
21-02-2019,Shri Ganesh,T-210219-01,High Value Species,Fish,,,,10,,550,,Unknown
15-03-2019,Kohinoor,T-150819-01,High Value Species,Fish,,1,Basket,1,350,350,,
04-04-2019,Mansarovar,,High Value Species,Fish,,3,Basket,3,50,150,,Pet?
15-11-2018,Dwarkadish,LVB91,High Value Species,Flatfish,,2,Basket,2,,150,,
27-11-2018,Kohinoor,LVB94,High Value Species,Flatfish,,2,Basket,2,,200,,
06-12-2018,Omkar2,,High Value Species,Flatfish,,2,Basket,2,,150,,
02-01-2019,Hemavati,T-020119-01,High Value Species,Flatfish,,1,Basket,0.5,,50,,
28-01-2019,Mangal Moorthi,T-280119-01,High Value Species,Flatfish,,1,Basket,1,,100,,"100 for flatfish, ponyfish and mixed"
11-02-2019,Soumya,T-110219-01,High Value Species,Flatfish,,1,Basket,1,60,60,,
25-02-2019,Vittal Krupa,T-250219-01,High Value Species,Flatfish,,1,Basket,1,,,,
04-03-2019,Kelbai,T-040319-01,High Value Species,Flatfish,,1,Basket,1,,50,,Estimated
18-03-2019,Badrakali,T-180319-01,High Value Species,Flatfish,,2,Basket,2,,250,,Quantity guessed
23-03-2019,Arundaye,T-230319-01,High Value Species,Flatfish,,1,Basket,1,,,,
17-04-2019,Dhanalakshmi2,T-170419-01,High Value Species,Flatfish,,1,Basket,1,,150,,
27-11-2018,Kohinoor,LVB94,High Value Species,Gerrids,Gerres sp.,2,Basket,2,,250,,
23-03-2019,Arundaye,T-230319-01,High Value Species,Gerrids,,1,Basket,1,,,,
09-11-2018,Kelbai,,High Value Species,Gundili,,1,Basket,1,50,50,,
02-11-2018,Vishaka,LVB89,High Value Species,Halwa,,1,Basket,1,200,200,,
02-11-2018,Vishaka,LVB89,High Value Species,Halwa,,0.25,Crate,7,,1100,,Not sure of this price
03-11-2018,Shri Siddesh,NS18,High Value Species,Halwa,,2,Basket,2,,800,,
13-11-2018,Gandharva,LVB90,High Value Species,Halwa,,0.5,Crate,14,,2450,,
03-12-2018,Ganadish,T-031218-01,High Value Species,Halwa,,1,Crate,28,500,14000,,
04-01-2019,Soumya,T-040119-01,High Value Species,Halwa,,2,Number,3,,800,,
05-02-2019,Kohinoor,,High Value Species,Halwa,Parastromateus niger,0.5,Crate,14,,,,
13-02-2019,Mansarovar,T-130219-01,High Value Species,Halwa,Parastromateus niger,,,5.6,,3200,,1 big one - 3kg. Starting price 750/kg. But finally sold at approx 1800
21-02-2019,Shri Ganesh,T-210219-01,High Value Species,Halwa,Parastromateus niger,,,3.5,,1450,,
04-03-2019,Kelbai,T-040319-01,High Value Species,Halwa,,1,Number,0.3,,,,Unknown :(
29-03-2019,Gurudutt,T-290319-01,High Value Species,Halwa,Parastromateus niger,0.25,Crate,5,1000,5000,,
29-04-2019,Bahubali,,High Value Species,Halwa,Parastromateus niger,,,18,900,16200,,
29-04-2019,Bahubali,,High Value Species,Halwa,Parastromateus niger,1,Crate,12,800,9600,,
09-11-2018,Kelbai,,High Value Species,Halwa,,2,Number,6,1000,,,Rate is 1000/kg but not sold - kept away
29-03-2019,Gurudutt,T-290319-01,High Value Species,Kingfish - large,Scomberomorus sp.,,,9,700,6300,,
01-11-2018,Kelbai,LVB88,High Value Species,Kokri,,1,Crate,28,,650,,
02-11-2018,Vishaka,LVB89,High Value Species,Kokri,,8,Crate,240,500,4000,,
03-11-2018,Shri Siddesh,NS18,High Value Species,Kokri,,0.5,Crate,14,,275,,
09-11-2018,Kelbai,,High Value Species,Kokri,,1,Crate,28,,400,,
09-11-2018,Kelbai,,High Value Species,Kokri,,5,Basket,5,,50,,5 baskets kept away unsold
13-11-2018,Gandharva,LVB90,High Value Species,Kokri,,3,Crate,84,,1500,,
15-11-2018,Dwarkadish,LVB91,High Value Species,Kokri,,0.5,Crate,14,,400,,
23-11-2018,Nageshwar Prasad,,High Value Species,Kokri,,2,Basket,2,,100,,
24-11-2018,Om Sai,LVB93,High Value Species,Kokri,,2,Crate,56,,1900,,
27-11-2018,Kohinoor,LVB94,High Value Species,Kokri,,3,Crate,84,,2280,,
03-12-2018,Ganadish,T-031218-01,High Value Species,Kokri,,2.25,Crate,63,,1200,,
06-12-2018,Omkar2,,High Value Species,Kokri,,2,Basket,3,,100,,2 big baskets
12-12-2018,Omkar Ishwar,T-121218-01,High Value Species,Kokri,,2,Crate,55,,2000,,
24-12-2018,Soumya,T-241218-01,High Value Species,Kokri,,1,Basket,1,,50,,
25-12-2018,Darya Sagar,NS-251218-01,High Value Species,Kokri,,1,Basket,1,,100,,
02-01-2019,Hemavati,T-020119-01,High Value Species,Kokri,,1,Basket,1,,50,,Guessed
09-01-2019,Vishaka,,High Value Species,Kokri,,3,Basket,3,,100,,
,,,High Value Species,Kokri,,1,Crate,28,,300,,
05-02-2019,Kohinoor,,High Value Species,Kokri,,,,2,,300,,
10-02-2019,Akash,,High Value Species,Kokri,,2,Basket,2,200,400,,
03-12-2018,Ganadish,T-031218-01,High Value Species,Lizardfish,,1,Basket,1.5,,200,,
24-12-2018,Soumya,T-241218-01,High Value Species,Lizardfish,,2,Number,0.25,,50,,Approx 50 for both these fosh (guessed)
25-12-2018,Darya Sagar,NS-251218-01,High Value Species,Lizardfish,,0.25,Crate,7,,450,,Price estimated
09-01-2019,Vishaka,,High Value Species,Lizardfish,,1,Crate,28,,1200,,
,,,High Value Species,Lizardfish,,0.5,Crate,14,,800,,
28-01-2019,Mangal Moorthi,T-280119-01,High Value Species,Lizardfish,,1,Crate,28,,1400,,
30-01-2019,Omkar2,T-300119-01,High Value Species,Lizardfish,,0.2,Crate,5,,400,,
05-02-2019,Kohinoor,,High Value Species,Lizardfish,,2,Crate,56,,2650,,
07-02-2019,Krantiveer,T-070219-01,High Value Species,Lizardfish,,0.5,Crate,14,,700,,
10-02-2019,Akash,,High Value Species,Lizardfish,,1,Basket,1,,50,,
11-02-2019,Soumya,T-110219-01,High Value Species,Lizardfish,,1,Crate,25,,1100,,Quantity guessed!
13-02-2019,Mansarovar,T-130219-01,High Value Species,Lizardfish,,2.25,Crate,63,,3800,,
21-02-2019,Shri Ganesh,T-210219-01,High Value Species,Lizardfish,,1.33,Crate,40,,1700,,
25-02-2019,Vittal Krupa,T-250219-01,High Value Species,Lizardfish,,2,Crate,56,,2800,,
27-02-2019,Dhanalakshmi3,T-270219-01,High Value Species,Lizardfish,,0.75,Crate,21,,1250,,
27-02-2019,Dhanalakshmi3,T-270219-01,High Value Species,Lizardfish,,1,Number,0.5,,150,,One big fish. Sold for 150 along with mixed fish
04-03-2019,Kelbai,T-040319-01,High Value Species,Lizardfish,,2,Crate,56,,2400,,
08-03-2019,Siddaprasad,T-080319-01,High Value Species,Lizardfish,,2,Basket,3,,300,,
11-03-2019,Badrakali,T-110319-01,High Value Species,Lizardfish,,2,Crate,56,,1400,,
13-03-2019,Chintamani,T-130819-01,High Value Species,Lizardfish,,2,Crate,56,,1500,,
15-03-2019,Kohinoor,T-150819-01,High Value Species,Lizardfish,,0.5,Crate,14,,800,,
18-03-2019,Badrakali,T-180319-01,High Value Species,Lizardfish,,4,Crate,112,,4350,,
23-03-2019,Arundaye,T-230319-01,High Value Species,Lizardfish,,3,Crate,84,,,,
25-03-2019,Badrakali,T-250319-01,High Value Species,Lizardfish,,1,Crate,28,,1800,,
29-03-2019,Gurudutt,T-290319-01,High Value Species,Lizardfish,,0.25,Crate,7,,450,,
08-04-2019,Dhanalakshmi,,High Value Species,Lizardfish,,2,Crate,56,,2500,,
17-04-2019,Dhanalakshmi2,T-170419-01,High Value Species,Lizardfish,,0.5,Crate,14,,500,,
19-04-2019,Vishaka,T-190419-01,High Value Species,Lizardfish,,2,Crate,56,,2400,,
17-04-2019,Dhanalakshmi2,T-170419-01,High Value Species,Lizardfish,,2,Basket,3,,180,,
21-02-2019,Shri Ganesh,T-210219-01,High Value Species,Lizardfish,,2,Basket,2,,150,,
21-03-2019,Nageshwar Prasad,T-210319-01,High Value Species,Lizardfish,,0.2,Crate,5,,550,,
09-01-2019,Vishaka,,High Value Species,Lizardfish,,1,Crate,28,,700,,
11-03-2019,Badrakali,T-110319-01,High Value Species,Lizardfish,,1,Crate,28,,500,,
13-03-2019,Chintamani,T-130819-01,High Value Species,Lizardfish,,2.5,Crate,70,,950,,Rough estimate
13-11-2018,Gandharva,LVB90,High Value Species,Lobster,,1,Number,0.5,,200,,Guestimated
21-02-2019,Shri Ganesh,T-210219-01,High Value Species,Lobster,,1,Number,0.5,,,,Kept for personal consumption
27-11-2018,Kohinoor,LVB94,High Value Species,Longnose eagle rays,Aetobatus flagellum,6,Number,2.5,,150,,Elasmobranch sheet for measurements
03-11-2018,Shri Siddesh,NS18,High Value Species,Megalaspis,Megalaspis cordyla,2,Crate,56,250,500,,
03-12-2018,Ganadish,T-031218-01,High Value Species,Megalaspis,Megalaspis cordyla,0.33,Crate,9,,250,,
13-02-2019,Mansarovar,T-130219-01,High Value Species,Megalaspis,Megalaspis cordyla,0.25,Crate,6,,300,,Big sized fish - 4 very full baskets
13-11-2018,Gandharva,LVB90,High Value Species,Mixed fish,,0.5,Crate,14,,300,,"1 small eagle ray, spotted scat, queenfish, wolf herring"
27-11-2018,Kohinoor,LVB94,High Value Species,Mixed fish,,,,6,,400,,"Few big sicklefish, some trevallies"
03-12-2018,Ganadish,T-031218-01,High Value Species,Mixed fish,,,,5,,710,,"Wolf herring, cobia, flatheads"
06-12-2018,Omkar2,,High Value Species,Mixed fish,,1,Basket,1,,50,,
01-11-2018,Kelbai,LVB88,High Value Species,Mixed fish,,1,Basket,1,,50,,
03-11-2018,Shri Siddesh,NS18,High Value Species,Mixed fish,,1,Basket,1,,100,,Guestimated
15-11-2018,Dwarkadish,LVB91,High Value Species,Mixed fish,,1,Basket,1,,100,,
03-12-2018,Ganadish,T-031218-01,High Value Species,Mixed fish,,1,Basket,1,,100,,
11-12-2018,Dhanalakshmi,T-111218-01,High Value Species,Mixed fish,,0.5,Basket,0.5,,50,,
18-12-2018,Dwarkadish,NS-181218-01,High Value Species,Mixed fish,,1,Basket,1,,100,,Spotted scat and kokri. Price guessed
24-12-2018,Soumya,T-241218-01,High Value Species,Mixed fish,,1,Basket,1,,50,,"Guessed. Gerres, flatfish,rabbitfish"
25-12-2018,Darya Sagar,NS-251218-01,High Value Species,Mixed fish,,1,Basket,1,,50,,
02-01-2019,Hemavati,T-020119-01,High Value Species,Mixed fish,,2.5,Basket,2.5,,150,,Guessed
04-01-2019,Soumya,T-040119-01,High Value Species,Mixed fish,,1,Basket,1,,50,,
09-01-2019,Vishaka,,High Value Species,Mixed fish,,1,Basket,1,,50,,
28-01-2019,Mangal Moorthi,T-280119-01,High Value Species,Mixed fish,,0.5,Basket,0.5,,,,
30-01-2019,Omkar2,T-300119-01,High Value Species,Mixed fish,,0.5,Basket,0.5,,200,,Price estimated. Had small pomfret and surmai
05-02-2019,Kohinoor,,High Value Species,Mixed fish,,0.5,Basket,0.5,,,,Sold along with the quennfish
10-02-2019,Akash,,High Value Species,Mixed fish,,2,Basket,2,,200,,
11-02-2019,Soumya,T-110219-01,High Value Species,Mixed fish,,2,Basket,2,,150,,
19-02-2019,Audumbar,T-190219-01,High Value Species,Mixed fish,,0.5,Basket,0.5,,75,,
21-02-2019,Shri Ganesh,T-210219-01,High Value Species,Mixed fish,,1,Basket,1,100,100,,
25-02-2019,Vittal Krupa,T-250219-01,High Value Species,Mixed fish,,1,Basket,1.5,,,,
27-02-2019,Dhanalakshmi3,T-270219-01,High Value Species,Mixed fish,,0.5,Basket,0.5,,,,
08-03-2019,Siddaprasad,T-080319-01,High Value Species,Mixed fish,,1,Crate,28,,1100,,
11-03-2019,Badrakali,T-110319-01,High Value Species,Mixed fish,,0.5,Basket,0.5,,150,,Had small pomfret and croakers
11-03-2019,Badrakali,T-110319-01,High Value Species,Mixed fish,,1,Basket,1,,,,Saundala + Sula. Sold with croakers
13-03-2019,Chintamani,T-130819-01,High Value Species,Mixed fish,,1,Basket,1,100,100,,
15-03-2019,Kohinoor,T-150819-01,High Value Species,Mixed fish,,1,Basket,1,,100,,Spinycheek grouper + file fish
15-03-2019,Kohinoor,T-150819-01,High Value Species,Mixed fish,,1,Basket,1,50,50,,Mullets + Gerres
18-03-2019,Badrakali,T-180319-01,High Value Species,Mixed fish,,1,Basket,1,,90,,"Gerres, some sula and rawas"
23-03-2019,Arundaye,T-230319-01,High Value Species,Mixed fish,,1,Basket,1,,,,
25-03-2019,Badrakali,T-250319-01,High Value Species,Mixed fish,,0.5,Basket,0.5,,50,,
25-03-2019,Badrakali,T-250319-01,High Value Species,Mixed fish,,1,Basket,1,100,100,,Gerres and saundala
04-04-2019,Mansarovar,,High Value Species,Mixed fish,,2,Basket,2,450,900,,Rawas and shetka
08-04-2019,Dhanalakshmi,,High Value Species,Mixed fish,,3,Basket,3,,300,,One given from free
17-04-2019,Dhanalakshmi2,T-170419-01,High Value Species,Mixed fish,,2,Basket,2,50,100,,
19-04-2019,Vishaka,T-190419-01,High Value Species,Mixed fish,,2,Basket,2,,200,,
06-11-2018,Pavnai,,Low Value Bycatch,Mixed trash fish,,,,648,13,8424,,Trash fish. No sample
13-11-2018,Gandharva,LVB90,Low Value Bycatch,Mixed trash fish,,0.25,Crate,7,0,0,,Discarded
01-11-2018,Kelbai,LVB88,Low Value Bycatch,Mixed trash fish,,1.25,Crate,41,4,164,Swapnil,Mostly anchovies and Acetes in LVB - hence sold for a very low rate!
02-11-2018,Vishaka,LVB89,Low Value Bycatch,Mixed trash fish,,8,Crate,268,13.5,3618,,
07-11-2018,Lakshmi,,Low Value Bycatch,Mixed trash fish,,16,Crate,734,13,9542,,"Made of mixed fish, pedve, kokri, catfish?"
09-11-2018,Kelbai,,Low Value Bycatch,Mixed trash fish,,22,Crate,700,12,8400,,Vendor unknown. No sample
15-11-2018,Dwarkadish,LVB91,Low Value Bycatch,Mixed trash fish,,8,Crate,201,14,2814,Swapnil,
24-11-2018,Om Sai,LVB93,Low Value Bycatch,Mixed trash fish,,1.25,Crate,35,15,525,,
27-11-2018,Kohinoor,LVB94,Low Value Bycatch,Mixed trash fish,,20,Crate,500,15.5,7750,Jepa Seafood,
29-11-2018,Ratna Bharti,T-291118-01,Low Value Bycatch,Mixed trash fish,,30,Crate,875,16,14000,,
03-12-2018,Ganadish,T-031218-01,Low Value Bycatch,Mixed trash fish,,30,Crate,900,16,14400,,
05-12-2018,Dolphin,T-051118-01,Low Value Bycatch,Mixed trash fish,,2.5,Crate,70,16,1120,,
11-12-2018,Dhanalakshmi,T-111218-01,Low Value Bycatch,Mixed trash fish,,,,23,16,368,,
12-12-2018,Omkar Ishwar,T-121218-01,Low Value Bycatch,Mixed trash fish,,0.75,Crate,21,16,336,,
18-12-2018,Dwarkadish,NS-181218-01,Low Value Bycatch,Mixed trash fish,,0.75,Crate,21,16,336,,
20-12-2018,Hemavati,,Low Value Bycatch,Mixed trash fish,,1,Crate,28,17,476,,Trash fish quantity estimated!
24-12-2018,Soumya,T-241218-01,Low Value Bycatch,Mixed trash fish,,2,Crate,56,17,952,,Trash fish kept on ice
02-01-2019,Hemavati,T-020119-01,Low Value Bycatch,Mixed trash fish,,1,Crate,32,17,544,,1 big crate
04-01-2019,Soumya,T-040119-01,Low Value Bycatch,Mixed trash fish,,,,6,17,102,,Mixed
28-01-2019,Mangal Moorthi,T-280119-01,Low Value Bycatch,Mixed trash fish,,1,Crate,31,17,527,,
30-01-2019,Omkar2,T-300119-01,Low Value Bycatch,Mixed trash fish,,0.2,Crate,5,15,75,,
05-02-2019,Kohinoor,,Low Value Bycatch,Mixed trash fish,,1,Crate,32,15,480,,
07-02-2019,Krantiveer,T-070219-01,Low Value Bycatch,Mixed trash fish,,2,Crate,56,17,952,,
11-02-2019,Soumya,T-110219-01,Low Value Bycatch,Mixed trash fish,,1,Crate,28,17,476,,
13-02-2019,Mansarovar,T-130219-01,Low Value Bycatch,Mixed trash fish,,7,Crate,196,15,2940,Swapnil,
19-02-2019,Audumbar,T-190219-01,Low Value Bycatch,Mixed trash fish,,4,Crate,112,15,1680,,
21-02-2019,Shri Ganesh,T-210219-01,Low Value Bycatch,Mixed trash fish,,7,Crate,224,16,3584,,"Includes 1 crate of ""fresh"" alepes and about 3kg ribbonfish"
25-02-2019,Vittal Krupa,T-250219-01,Low Value Bycatch,Mixed trash fish,,1,Crate,25,17,425,,
27-02-2019,Dhanalakshmi3,T-270219-01,Low Value Bycatch,Mixed trash fish,,0.75,Crate,20,17,340,,
04-03-2019,Kelbai,T-040319-01,Low Value Bycatch,Mixed trash fish,,1,Crate,32,16,512,,
08-03-2019,Siddaprasad,T-080319-01,Low Value Bycatch,Mixed trash fish,,2.67,Crate,75,16,1200,,
11-03-2019,Badrakali,T-110319-01,Low Value Bycatch,Mixed trash fish,,2,Crate,56,16,896,,
13-03-2019,Chintamani,T-130819-01,Low Value Bycatch,Mixed trash fish,,1,Crate,28,16,448,,
15-03-2019,Kohinoor,T-150819-01,Low Value Bycatch,Mixed trash fish,,2,Crate,56,16,896,,
18-03-2019,Badrakali,T-180319-01,Low Value Bycatch,Mixed trash fish,,2,Crate,56,16,896,Unknown,
21-03-2019,Nageshwar Prasad,T-210319-01,Low Value Bycatch,Mixed trash fish,,2,Crate,56,16,896,,
23-03-2019,Arundaye,T-230319-01,Low Value Bycatch,Mixed trash fish,,5,Crate,140,15,2100,,
25-03-2019,Badrakali,T-250319-01,Low Value Bycatch,Mixed trash fish,,1,Crate,32,15,480,Swapnil,1 full crate
29-03-2019,Gurudutt,T-290319-01,Low Value Bycatch,Mixed trash fish,,24,Crate,672,16,10752,,
04-04-2019,Mansarovar,,Low Value Bycatch,Mixed trash fish,,7,Crate,196,16.5,3234,,
08-04-2019,Dhanalakshmi,,Low Value Bycatch,Mixed trash fish,,2,Crate,56,16,896,,
17-04-2019,Dhanalakshmi2,T-170419-01,Low Value Bycatch,Mixed trash fish,,2,Crate,60,16,960,,
19-04-2019,Vishaka,T-190419-01,Low Value Bycatch,Mixed trash fish,,1,Crate,28,15,420,,
26-04-2019,Badrakali,T-260419-01,Low Value Bycatch,Mixed trash fish,,2,Crate,56,15,840,,
29-04-2019,Bahubali,,Low Value Bycatch,Mixed trash fish,,1,Crate,30,12,360,,
29-03-2019,Gurudutt,T-290319-01,High Value Species,Moon fish,Mene maculata,2,Crate,56,,,,
08-04-2019,Dhanalakshmi,,High Value Species,Moonfish,Mene maculata,0.33,Crate,9,,300,,
13-11-2018,Gandharva,LVB90,High Value Species,Mullets,,0.25,Crate,7,,460,,
27-11-2018,Kohinoor,LVB94,High Value Species,Mullets,,3,Basket,3,,250,,
12-12-2018,Omkar Ishwar,T-121218-01,High Value Species,Mullets,,1,Basket,1,,50,,"""Boyata"" in Marathi"
02-01-2019,Hemavati,T-020119-01,High Value Species,Mullets,,1,Basket,1,,50,,"Price guessed. ""Boyota"" in Marathi"
19-02-2019,Audumbar,T-190219-01,High Value Species,Mullets,,2,Basket,2,75,150,,
17-04-2019,Dhanalakshmi2,T-170419-01,High Value Species,Mullets,,1,Basket,1,50,50,,
07-02-2019,Krantiveer,T-070219-01,High Value Species,Nemipterus,Nemipterus japonicus,0.33,Crate,9,50,450,,Not sure of sold for trash or fresh. Price estimated
11-02-2019,Soumya,T-110219-01,High Value Species,Nemipterus,Nemipterus sp.,0.5,Crate,14,50,700,Swapnil,
27-02-2019,Dhanalakshmi3,T-270219-01,High Value Species,Nemipterus,Nemipterus sp.,1,Crate,23,80,1840,Woman Trader,Not sold for trash!
27-02-2019,Dhanalakshmi3,T-270219-01,High Value Species,Nemipterus,Nemipterus sp.,0.25,Crate,7,,700,,
06-11-2018,Pavnai,,High Value Species,Pedve,,,,428,12,5136,,Trash. Rate is lower than that of mixed??
09-11-2018,Kelbai,,High Value Species,Pedve,,3,Basket,3,50,150,,
29-11-2018,Ratna Bharti,T-291118-01,High Value Species,Pedve,,2.5,Crate,65,15,975,,Sold for oil/trash?
,,,High Value Species,Pedve,,2,Crate,56,,1200,,
01-11-2018,Kelbai,LVB88,High Value Species,Pomfret,Pampus sp.,1,Basket,1,,400,,
02-11-2018,Vishaka,LVB89,High Value Species,Pomfret,Pampus sp.,1,Basket,1,500,500,,
09-11-2018,Kelbai,,High Value Species,Pomfret,Pampus sp.,,,8,550,4400,,
09-11-2018,Kelbai,,High Value Species,Pomfret,Pampus sp.,,,,700,,,Didn't get sold?
03-12-2018,Ganadish,T-031218-01,High Value Species,Pomfret,Pampus sp.,,,5,,4100,,
11-12-2018,Dhanalakshmi,T-111218-01,High Value Species,Pomfret,Pampus sp.,3,Number,0.5,,450,,
12-12-2018,Omkar Ishwar,T-121218-01,High Value Species,Pomfret,Pampus sp.,,,5,,4000,,
12-12-2018,Omkar Ishwar,T-121218-01,High Value Species,Pomfret,Pampus sp.,3,Number,0.5,,150,,
25-12-2018,Darya Sagar,NS-251218-01,High Value Species,Pomfret,Pampus sp.,,,4,,1100,,
04-01-2019,Soumya,T-040119-01,High Value Species,Pomfret,Pampus sp.,,,1.6,,1200,,
09-01-2019,Vishaka,,High Value Species,Pomfret,Pampus sp.,,,5,900,4500,,
05-02-2019,Kohinoor,,High Value Species,Pomfret,Pampus sp.,1,Crate,20,1200,24000,,Estimated weight and price :(
13-02-2019,Mansarovar,T-130219-01,High Value Species,Pomfret,Pampus sp.,,,2.2,,2050,,"1.6kg big, 0.6kg small. Price party estimated"
19-02-2019,Audumbar,T-190219-01,High Value Species,Pomfret,Pampus sp.,2,Number,0.5,,500,,Estimated
23-03-2019,Arundaye,T-230319-01,High Value Species,Pomfret,Pampus sp.,,,9,,,,Estimate!
29-03-2019,Gurudutt,T-290319-01,High Value Species,Pomfret,Pampus sp.,2,Crate,44,1100,48400,,Weight estimated as ~22/crate. Price is the initial sale price
29-04-2019,Bahubali,,High Value Species,Pomfret,Pampus sp.,,,4,900,3600,,
29-04-2019,Bahubali,,High Value Species,Pomfret,Pampus sp.,1,Crate,12,800,9600,,
07-11-2018,Lakshmi,,High Value Species,Pomfret,Pampus sp.,,,9,650,5850,,
13-11-2018,Gandharva,LVB90,High Value Species,Pomfret,Pampus sp.,0.25,Crate,6,900,5400,,Estimated quantity
27-11-2018,Kohinoor,LVB94,High Value Species,Pomfret,Pampus sp.,1,Crate,27.5,700,19250,,
29-11-2018,Ratna Bharti,T-291118-01,High Value Species,Pomfret,Pampus sp.,,,5.5,800,4400,,
09-01-2019,Vishaka,,High Value Species,Pomfret,Pampus sp.,,,2,1000,2000,,
29-11-2018,Ratna Bharti,T-291118-01,High Value Species,Pomfret,Pampus sp.,,,2,600,1200,,
07-11-2018,Lakshmi,,High Value Species,Pomfret,Pampus sp.,,,7,450,3150,,
13-11-2018,Gandharva,LVB90,High Value Species,Pomfret,Pampus sp.,0.25,Crate,7,800,5600,,Estimated quantity
24-11-2018,Om Sai,LVB93,High Value Species,Pomfret,Pampus sp.,,,2,,1100,,
27-11-2018,Kohinoor,LVB94,High Value Species,Pomfret,Pampus sp.,1,Crate,27.5,450,12375,,"55kg pomfret in total, but not sure of the quantities and rates of small and large!"
29-11-2018,Ratna Bharti,T-291118-01,High Value Species,Pomfret,Pampus sp.,,,9,414,3725,,
07-02-2019,Krantiveer,T-070219-01,High Value Species,Pomfret,Pampus sp.,2,Basket,2,,750,,"750 for pomfret, surmai and sharks"
18-03-2019,Badrakali,T-180319-01,High Value Species,Pomfret,Pampus sp.,,,1.5,,600,,Also 2 small surmai
11-02-2019,Soumya,T-110219-01,High Value Species,Pomfret,Pampus sp.,,,2,,650,,
02-11-2018,Vishaka,LVB89,High Value Species,Ponyfish,,0.2,Crate,6,,250,,
03-11-2018,Shri Siddesh,NS18,High Value Species,Ponyfish,,0.5,Crate,14,,500,,
09-11-2018,Kelbai,,High Value Species,Ponyfish,,,,,,,,Quantity unknown. Didn't get sold
24-11-2018,Om Sai,LVB93,High Value Species,Ponyfish,,1,Crate,28,,1000,,
27-11-2018,Kohinoor,LVB94,High Value Species,Ponyfish,,0.33,Crate,9,,400,,
12-12-2018,Omkar Ishwar,T-121218-01,High Value Species,Ponyfish,,1,Basket,1,,100,,
24-12-2018,Soumya,T-241218-01,High Value Species,Ponyfish,,0.5,Basket,0.5,,50,,Guessed
25-12-2018,Darya Sagar,NS-251218-01,High Value Species,Ponyfish,,0.2,Crate,5,,,Woman Trader,
04-01-2019,Soumya,T-040119-01,High Value Species,Ponyfish,,0.25,Crate,7,,200,,
19-01-2019,Om Sai,,High Value Species,Ponyfish,Secutor sp.,2,Crate,56,,500,,
,,,High Value Species,Ponyfish,,0.5,Crate,14,,400,,
28-01-2019,Mangal Moorthi,T-280119-01,High Value Species,Ponyfish,,1,Basket,1,,,,
05-02-2019,Kohinoor,,High Value Species,Ponyfish,,2,Crate,56,,3200,,
11-02-2019,Soumya,T-110219-01,High Value Species,Ponyfish,,0.5,Basket,0.5,,50,,Price estimated
13-02-2019,Mansarovar,T-130219-01,High Value Species,Ponyfish,,1,Basket,1,,50,,
04-03-2019,Kelbai,T-040319-01,High Value Species,Ponyfish,,,,4,,200,,"Starting price was 500, but no takers"
11-03-2019,Badrakali,T-110319-01,High Value Species,Ponyfish,,0.25,Crate,7,,400,,
11-03-2019,Badrakali,T-110319-01,High Value Species,Ponyfish,,1,Basket,1,,50,,Estimated
15-03-2019,Kohinoor,T-150819-01,High Value Species,Ponyfish,,1,Basket,1,50,50,,
15-03-2019,Kohinoor,T-150819-01,High Value Species,Ponyfish,,1,Crate,28,,2100,,
18-03-2019,Badrakali,T-180319-01,High Value Species,Ponyfish,,0.5,Basket,0.5,,50,,Along with a few rabbitfish
23-03-2019,Arundaye,T-230319-01,High Value Species,Ponyfish,,0.5,Basket,0.5,,,,
25-03-2019,Badrakali,T-250319-01,High Value Species,Ponyfish,,0.33,Crate,8,,750,,
17-04-2019,Dhanalakshmi2,T-170419-01,High Value Species,Ponyfish,,1,Basket,1,50,50,,
19-04-2019,Vishaka,T-190419-01,High Value Species,Ponyfish,,1,Basket,1,500,500,,Very high! Re-confirm?
26-04-2019,Badrakali,T-260419-01,High Value Species,Ponyfish,,0.25,Crate,7,,300,,
09-11-2018,Kelbai,,High Value Species,Queenfish,Scomberoides sp.,,,,,,,Quantity unknown. Didn't get sold
27-11-2018,Kohinoor,LVB94,High Value Species,Queenfish,Scomberoides sp.,0.5,Crate,13.5,65,877.5,,
05-12-2018,Dolphin,T-051118-01,High Value Species,Queenfish,Scomberoides sp.,1,Basket,1,,100,,Guessed
05-02-2019,Kohinoor,,High Value Species,Queenfish,Scomberoides sp.,1.5,Basket,2,,150,,
11-02-2019,Soumya,T-110219-01,High Value Species,Queenfish,Scomberoides sp.,1,Number,,,,,
13-02-2019,Mansarovar,T-130219-01,High Value Species,Queenfish,Scomberoides sp.,1,Basket,1.5,,100,,Price guessed
23-03-2019,Arundaye,T-230319-01,High Value Species,Queenfish,Scomberoides sp.,0.5,Basket,0.5,,,,
25-03-2019,Badrakali,T-250319-01,High Value Species,Queenfish,Scomberoides sp.,1,Basket,1,,50,,
02-11-2018,Vishaka,LVB89,High Value Species,Queenfish + Cobia +1shark,,0.25,Crate,7.5,,280,,
09-01-2019,Vishaka,,High Value Species,Rani,Nemipterus japonicus,2,Basket,2,,130,,
30-01-2019,Omkar2,T-300119-01,High Value Species,Rani,,,,5,40,200,,
05-02-2019,Kohinoor,,High Value Species,Rani,Nemipterus japonicus,0.5,Crate,14,,700,,
25-02-2019,Vittal Krupa,T-250219-01,High Value Species,Rani,Nemipterus sp.,0.5,Crate,14,50,700,,
15-11-2018,Dwarkadish,LVB91,High Value Species,Rays,,0.25,Crate,7,,500,,"29 scaly whipray, 1 blue spotted. Pic"
01-11-2018,Kelbai,LVB88,High Value Species,Ribbonfish,,1,Crate,28,,840,,
02-11-2018,Vishaka,LVB89,High Value Species,Ribbonfish,,2,Crate,47,14,658,,
25-12-2018,Darya Sagar,NS-251218-01,High Value Species,Ribbonfish,,1,Crate,25,25,625,Woman Trader,Sold for drying
04-01-2019,Soumya,T-040119-01,High Value Species,Ribbonfish,,,,9,25,225,,Sold for drying
09-01-2019,Vishaka,,High Value Species,Ribbonfish,,6,Crate,180,30,5400,,
28-01-2019,Mangal Moorthi,T-280119-01,High Value Species,Ribbonfish,,0.5,Crate,10,30,300,,
30-01-2019,Omkar2,T-300119-01,High Value Species,Ribbonfish,,0.33,Crate,12,28,336,,
05-02-2019,Kohinoor,,High Value Species,Ribbonfish,,,,15,40,600,,
13-02-2019,Mansarovar,T-130219-01,High Value Species,Ribbonfish,,1,Crate,25,30,750,Woman Trader,Sold for drying
08-03-2019,Siddaprasad,T-080319-01,High Value Species,Ribbonfish,,,,2,16,32,,Also most likely sold as trash
15-03-2019,Kohinoor,T-150819-01,High Value Species,Ribbonfish,,0.25,Crate,7,,350,,
04-04-2019,Mansarovar,,High Value Species,Ribbonfish,,0.75,Crate,21,30,630,,
12-12-2018,Omkar Ishwar,T-121218-01,High Value Species,Saranga?,,6,Number,6,,800,,What species?? Weight guessed
03-11-2018,Shri Siddesh,NS18,High Value Species,Sardines,,1,Basket,1,13,13,Swapnil,"Couldn’t be auctioned off, so sold as trash. Mostly A. chacunda"
13-11-2018,Gandharva,LVB90,High Value Species,Sardines,,2.25,Crate,63,,1430,,Some of this (500) is estimated
27-11-2018,Kohinoor,LVB94,High Value Species,Sardines,Sardinella sp.,1,Crate,28,,700,,
12-12-2018,Omkar Ishwar,T-121218-01,High Value Species,Sardines,,0.75,Crate,21,,500,,
25-12-2018,Darya Sagar,NS-251218-01,High Value Species,Sardines,,0.5,Crate,14,,450,Woman Trader,For sardines + ponyfish. Price estimated
05-02-2019,Kohinoor,,High Value Species,Sardines,,2,Crate,56,,2500,,
07-02-2019,Krantiveer,T-070219-01,High Value Species,Sardines,,0.2,Crate,5,,200,,
23-03-2019,Arundaye,T-230319-01,High Value Species,Sardines,,2,Basket,2,40,,,
29-03-2019,Gurudutt,T-290319-01,High Value Species,Sardines,,0.5,Crate,14,,,,
08-04-2019,Dhanalakshmi,,High Value Species,Sardines,,1,Basket,1,50,50,,
17-04-2019,Dhanalakshmi2,T-170419-01,High Value Species,Sardines,,2,Basket,2,50,100,,
02-11-2018,Vishaka,LVB89,High Value Species,Saundala,Lactarius lactarius,2,Basket,2,,500,,
13-11-2018,Gandharva,LVB90,High Value Species,Saundala,Lactarius lactarius,0.2,Crate,5,,805,,
27-11-2018,Kohinoor,LVB94,High Value Species,Saundala,Lactarius lactarius,1,Crate,28,,1850,,
27-11-2018,Kohinoor,LVB94,High Value Species,Saundala,Lactarius lactarius,3,Basket,3,150,450,,
29-11-2018,Ratna Bharti,T-291118-01,High Value Species,Saundala,Lactarius lactarius,2,Basket,2,,100,,
03-12-2018,Ganadish,T-031218-01,High Value Species,Saundala,Lactarius lactarius,0.5,Crate,14,,1600,,
05-12-2018,Dolphin,T-051118-01,High Value Species,Saundala,Lactarius lactarius,,,5,,120,,Noted from agent
12-12-2018,Omkar Ishwar,T-121218-01,High Value Species,Saundala,Lactarius lactarius,2,Basket,2,,300,,
24-12-2018,Soumya,T-241218-01,High Value Species,Saundala,Lactarius lactarius,2,Basket,2,100,200,,
25-12-2018,Darya Sagar,NS-251218-01,High Value Species,Saundala,Lactarius lactarius,1.25,Crate,35,,2800,,
02-01-2019,Hemavati,T-020119-01,High Value Species,Saundala,Lactarius lactarius,1,Basket,1,,80,,
28-01-2019,Mangal Moorthi,T-280119-01,High Value Species,Saundala,Lactarius lactarius,1,Basket,1,,200,,
05-02-2019,Kohinoor,,High Value Species,Saundala,Lactarius lactarius,3,Basket,3,,450,,
10-02-2019,Akash,,High Value Species,Saundala,Lactarius lactarius,3,Basket,3,,350,,Price estimated
11-02-2019,Soumya,T-110219-01,High Value Species,Saundala,Lactarius lactarius,4.5,Basket,4.5,,350,,Price estimated
13-02-2019,Mansarovar,T-130219-01,High Value Species,Saundala,Lactarius lactarius,0.66,Crate,18,,2500,,
21-02-2019,Shri Ganesh,T-210219-01,High Value Species,Saundala,Lactarius lactarius,2,Basket,2,200,400,,
04-03-2019,Kelbai,T-040319-01,High Value Species,Saundala,Lactarius lactarius,2,Basket,2,,200,,Estimated
11-03-2019,Badrakali,T-110319-01,High Value Species,Saundala,Lactarius lactarius,1,Basket,1,,,,Sold with croakers
18-03-2019,Badrakali,T-180319-01,High Value Species,Saundala,Lactarius lactarius,4,Basket,4,,700,,
21-03-2019,Nageshwar Prasad,T-210319-01,High Value Species,Saundala,Lactarius lactarius,2,Basket,2,250,500,,
23-03-2019,Arundaye,T-230319-01,High Value Species,Saundala,Lactarius lactarius,2,Basket,2,,500,,
04-04-2019,Mansarovar,,High Value Species,Saundala,Lactarius lactarius,0.5,Crate,14,,850,,
17-04-2019,Dhanalakshmi2,T-170419-01,High Value Species,Saundala,Lactarius lactarius,1,Basket,1,180,180,,
19-04-2019,Vishaka,T-190419-01,High Value Species,Saundala,Lactarius lactarius,1,Basket,1,400,400,,Very high! Re-confirm?
26-04-2019,Badrakali,T-260419-01,High Value Species,Saundala,Lactarius lactarius,1,Basket,1,200,200,,
15-11-2018,Dwarkadish,LVB91,High Value Species,Saundala,Lactarius lactarius,1,Basket,1,200,200,,
04-03-2019,Kelbai,T-040319-01,High Value Species,Saundala,Lactarius lactarius,0.2,Crate,5,,1400,,
15-11-2018,Dwarkadish,LVB91,High Value Species,Saundala,Lactarius lactarius,2,Basket,2,,50,,1 basket unsold
29-11-2018,Ratna Bharti,T-291118-01,Elasmobranchs,Scalloped hammerhead,Sphyrna lewini,1,Number,0.5,,,,
19-11-2018,Vittal Krupa,,Elasmobranchs,Scaly whipray,Brevitrygon imbricata,3,Number,1,50,50,,Sold to centre - price estimated
23-11-2018,Nageshwar Prasad,,Elasmobranchs,Scaly whipray,Brevitrygon imbricata,30,Number,10,,450,,"1/3rd crate. Mostly adults, but few juveniles"
27-11-2018,Kohinoor,LVB94,Elasmobranchs,Scaly whipray,Brevitrygon imbricata,20,Number,6,,150,,Elasmobranch sheet for measurements
29-11-2018,Ratna Bharti,T-291118-01,Elasmobranchs,Scaly whipray,Brevitrygon imbricata,1,Number,0.5,,33,,Elasmobranch sheet for measurements
06-12-2018,Omkar2,,Elasmobranchs,Scaly whipray,Brevitrygon imbricata,3,Number,1.5,,,,
02-01-2019,Hemavati,T-020119-01,Elasmobranchs,Scaly whipray,Brevitrygon imbricata,1,Number,0.5,,,,Sold along with the flatfish (price guessed)
10-02-2019,Akash,,Elasmobranchs,Scaly whipray,Brevitrygon imbricata,8,Number,2,,,,
11-02-2019,Soumya,T-110219-01,Elasmobranchs,Scaly whipray,Brevitrygon imbricata,2,Number,0.5,,,,"Was one more, discarded"
04-03-2019,Kelbai,T-040319-01,Elasmobranchs,Scaly whipray,Brevitrygon imbricata,2,Number,0.5,,50,,
11-03-2019,Badrakali,T-110319-01,Elasmobranchs,Scaly whipray,Brevitrygon imbricata,8,Number,1.5,,,,Small and medium sized
25-03-2019,Badrakali,T-250319-01,Elasmobranchs,Scaly whipray,Brevitrygon imbricata,9,Number,1.5,,350,,
08-04-2019,Dhanalakshmi,,Elasmobranchs,Scaly whipray,Brevitrygon imbricata,1,Number,0.2,0,0,,Free
17-04-2019,Dhanalakshmi2,T-170419-01,Elasmobranchs,Scaly whipray,Brevitrygon imbricata,1,Number,,,,,Sold along with flatfish
23-03-2019,Arundaye,T-230319-01,Elasmobranchs,Sharks,,,,1.9,500,950,,
07-11-2018,Lakshmi,,Elasmobranchs,Sharks,,,,10,,300,,
13-11-2018,Gandharva,LVB90,Elasmobranchs,Sharks,,0.33,Crate,10,,850,,"Spadenose (with a few neonates), hammerheads, 1 unknown shark. Pic"
07-11-2018,Lakshmi,,Shrimp,Shrimp,,22,Basket,25,,5500,,
13-11-2018,Gandharva,LVB90,Shrimp,Shrimp,,4,Basket,6,,800,,Big baskets = about 1.5kg each
16-11-2018,Om Sai,,Shrimp,Shrimp,,27,Basket,27,,5830,,Which shrimp? Pollen?
19-11-2018,Vittal Krupa,,Shrimp,Shrimp,,1,Basket,1,200,200,,Pollen?
27-11-2018,Kohinoor,LVB94,Shrimp,Shrimp,,1,Basket,2,300,300,,Big basket
03-12-2018,Ganadish,T-031218-01,Shrimp,Shrimp,,2,Basket,2,,600,,
24-12-2018,Soumya,T-241218-01,Shrimp,Shrimp,,6,Basket,6,,1480,,Species unknown
17-01-2019,Kelbai,,Shrimp,Shrimp,,,,29,300,8700,,
05-02-2019,Kohinoor,,Shrimp,Shrimp,,2,Basket,1,,250,,two small baskets
25-02-2019,Vittal Krupa,T-250219-01,Shrimp,Shrimp,,4,Basket,3.2,,0,,Personal consumption
11-03-2019,Badrakali,T-110319-01,Shrimp,Shrimp,,6,Basket,9.6,,600,,Partly estimated
13-03-2019,Chintamani,T-130819-01,Shrimp,Shrimp,,3,Basket,2.25,,1300,,
13-03-2019,Chintamani,T-130819-01,Shrimp,Shrimp,,1,Basket,0.75,,100,,
15-03-2019,Kohinoor,T-150819-01,Shrimp,Shrimp,,1,Basket,0.75,,400,,
04-04-2019,Mansarovar,,Shrimp,Shrimp,,,,7.5,200,1500,,
08-04-2019,Dhanalakshmi,,Shrimp,Shrimp,,6,Basket,4.5,,1000,,1 basket given away free
17-04-2019,Dhanalakshmi2,T-170419-01,Shrimp,Shrimp,,,,7.5,200,1500,,
19-04-2019,Vishaka,T-190419-01,Shrimp,Shrimp,,2,Basket,1.5,,260,,
26-04-2019,Badrakali,T-260419-01,Shrimp,Shrimp,,32,Basket,24,,,,
15-11-2018,Dwarkadish,LVB91,Shrimp,Shrimp - chalu,,50,Basket,50,,20000,,
19-11-2018,Vittal Krupa,,Shrimp,Shrimp - chalu,,14,Basket,14,,3475,,1 basket kept for personal use. 9 baskets sold to centre for 220-230/kg
23-11-2018,Nageshwar Prasad,,Shrimp,Shrimp - chalu,,2,Basket,2,200,400,,
24-11-2018,Om Sai,LVB93,Shrimp,Shrimp - chalu,,4,Basket,4,,940,,
06-12-2018,Omkar2,,Shrimp,Shrimp - chalu,,1,Basket,1,200,200,,
11-12-2018,Dhanalakshmi,T-111218-01,Shrimp,Shrimp - chalu,,9,Basket,9,450,4050,,
18-12-2018,Dwarkadish,NS-181218-01,Shrimp,Shrimp - chalu,,2,Basket,2,,500,,"1 sold for 300, other for 200"
24-12-2018,Soumya,T-241218-01,Shrimp,Shrimp - chalu,,18,Basket,18,,7435,,"Rates starting from 500, down to 350"
02-01-2019,Hemavati,T-020119-01,Shrimp,Shrimp - chalu,,2,Basket,2,400,800,,
04-01-2019,Soumya,T-040119-01,Shrimp,Shrimp - chalu,,,,8,450,3600,,
28-01-2019,Mangal Moorthi,T-280119-01,Shrimp,Shrimp - chalu,,,,23,300,6900,,
30-01-2019,Omkar2,T-300119-01,Shrimp,Shrimp - chalu,,21,Basket,21,,,,Sold a few for 350. Didn't record the rest
10-02-2019,Akash,,Shrimp,Shrimp - chalu,,4,Basket,3.2,,1600,,Price partly estimated'
11-02-2019,Soumya,T-110219-01,Shrimp,Shrimp - chalu,,,,6,450,2700,,
25-02-2019,Vittal Krupa,T-250219-01,Shrimp,Shrimp - chalu,,9,Basket,7.2,,,,One sold for 400. Don't know rate of rest
04-03-2019,Kelbai,T-040319-01,Shrimp,Shrimp - chalu,,,,6.5,,,Centre,"Sent to centre, rate unknown"
11-03-2019,Badrakali,T-110319-01,Shrimp,Shrimp - chalu,,8,Basket,6.4,,2000,Centre,250/basket
23-03-2019,Arundaye,T-230319-01,Shrimp,Shrimp - chalu,,10.5,Basket,8.4,500,,,
27-02-2019,Dhanalakshmi3,T-270219-01,Shrimp,Shrimp - Kaapshi,,4,Basket,4,450,1800,,Some were alive
06-12-2018,Omkar2,,Shrimp,Shrimp - Pollen,,7,Basket,7,120,840,,
11-12-2018,Dhanalakshmi,T-111218-01,Shrimp,Shrimp - Pollen,,5,Basket,5,300,1500,,Guessed price for the last two baskets
18-12-2018,Dwarkadish,NS-181218-01,Shrimp,Shrimp - Pollen,,3,Basket,2.5,,270,,Approx 800-900g per basket. Price guessed
02-01-2019,Hemavati,T-020119-01,Shrimp,Shrimp - Pollen,,29,Basket,24.5,,2950,,Taken as approx 0.85kg per basket
28-01-2019,Mangal Moorthi,T-280119-01,Shrimp,Shrimp - Pollen,,1,Basket,0.75,,70,,
30-01-2019,Omkar2,T-300119-01,Shrimp,Shrimp - Pollen,,1,Basket,1,120,120,,Big baskets
11-02-2019,Soumya,T-110219-01,Shrimp,Shrimp - Pollen,,2,Basket,2,250,500,,Big baskets
04-03-2019,Kelbai,T-040319-01,Shrimp,Shrimp - Pollen,,0.5,Basket,0.5,,,Centre,"Sent to centre, rate unknown"
23-03-2019,Arundaye,T-230319-01,Shrimp,Shrimp - Pollen,,6.5,Basket,5.2,300,,,
25-03-2019,Badrakali,T-250319-01,Shrimp,Shrimp - Pollen,,2,Basket,1.6,,400,,
17-04-2019,Dhanalakshmi2,T-170419-01,Shrimp,Shrimp - Pollen,,10,Basket,7,,1500,,
15-11-2018,Dwarkadish,LVB91,Shrimp,Shrimp - tiny,,82,Basket,82,,7250,,13 baskets kept for personal consumption/friends
16-11-2018,Om Sai,,Shrimp,Shrimp - tiny,,55,Basket,55,,7030,,
19-11-2018,Vittal Krupa,,Shrimp,Shrimp - tiny,,27,Basket,27,,2570,,"8 baskets sold to centre, at 70-80/kg"
23-11-2018,Nageshwar Prasad,,Shrimp,Shrimp - tiny,,4,Basket,4,150,600,,
06-12-2018,Omkar2,,Shrimp,Shrimp - tiny,,10,Basket,10,120,1200,,
11-12-2018,Dhanalakshmi,T-111218-01,Shrimp,Shrimp - tiny,,1,Basket,1,120,120,,
18-12-2018,Dwarkadish,NS-181218-01,Shrimp,Shrimp - tiny,,32,Basket,24,,3200,,"Sold as baskets. Small baskets, 700-800g each"
18-12-2018,Dwarkadish,NS-181218-01,Shrimp,Shrimp - tiny,,0.5,Crate,12.5,120,1500,,Sold by weight wholesale
20-12-2018,Hemavati,,Shrimp,Shrimp - tiny,,42,Basket,35.5,,5180,,"Approx 0.85kg per basket. Sold at 140, then 120"
20-12-2018,Hemavati,,Shrimp,Shrimp - tiny,,3,Crate,82.5,120,9900,,
02-01-2019,Hemavati,T-020119-01,Shrimp,Shrimp - tiny,,27,Basket,23,,3870,,Taken as approx 0.85kg per basket
04-01-2019,Soumya,T-040119-01,Shrimp,Shrimp - tiny,,13,Basket,11,150,1950,,Taken as approx 0.85kg per basket
30-01-2019,Omkar2,T-300119-01,Shrimp,Shrimp - tiny,,6,Basket,6,,200,,1 basket sold for 200. Rest given away/kept on board
10-02-2019,Akash,,Shrimp,Shrimp - tiny,,3,Basket,2.4,,750,,
11-02-2019,Soumya,T-110219-01,Shrimp,Shrimp - tiny,,4,Basket,4,350,1400,,Sold for extremely high rate!
15-11-2018,Dwarkadish,LVB91,Shrimp,Shrimp - white,,8,Basket,8,,4100,,
19-11-2018,Vittal Krupa,,Shrimp,Shrimp - white,,0.5,Basket,0.5,,,,Unsold - so kept for personal
23-11-2018,Nageshwar Prasad,,Shrimp,Shrimp - white,,1,Basket,1,600,600,,
06-12-2018,Omkar2,,Shrimp,Shrimp - white,,5,Basket,5,350,1750,,
11-12-2018,Dhanalakshmi,T-111218-01,Shrimp,Shrimp - white,,3,Basket,3,,1850,,Some tiger prawns also with these
24-12-2018,Soumya,T-241218-01,Shrimp,Shrimp - white,,3,Basket,3,450,1350,,
02-01-2019,Hemavati,T-020119-01,Shrimp,Shrimp - white,,6,Basket,5,,3000,,
04-01-2019,Soumya,T-040119-01,Shrimp,Shrimp - white,,2,Basket,1.7,500,850,,
09-01-2019,Vishaka,,Shrimp,Shrimp - white,,12,Basket,10,,2950,,
28-01-2019,Mangal Moorthi,T-280119-01,Shrimp,Shrimp - white,,11,Basket,8,525,4200,,
30-01-2019,Omkar2,T-300119-01,Shrimp,Shrimp - white,,1,Basket,1,,500,,
10-02-2019,Akash,,Shrimp,Shrimp - white,,2,Basket,1.5,,900,,Price estimated
11-02-2019,Soumya,T-110219-01,Shrimp,Shrimp - white,,,,3,,1350,,Quantity estimated
25-02-2019,Vittal Krupa,T-250219-01,Shrimp,Shrimp - white,,5,Basket,4,,,,One sold for 550.
04-03-2019,Kelbai,T-040319-01,Shrimp,Shrimp - white,,3,Basket,2,,,Centre,"Sent to centre, rate unknown"
11-03-2019,Badrakali,T-110319-01,Shrimp,Shrimp - white,,2,Basket,1.6,,1800,Centre,900/basket
18-03-2019,Badrakali,T-180319-01,Shrimp,Shrimp - white,,4,Basket,3,530,1590,Centre,Weight guessed and rate estimated from agent
23-03-2019,Arundaye,T-230319-01,Shrimp,Shrimp - white,,6,Basket,4.8,600,,,
25-03-2019,Badrakali,T-250319-01,Shrimp,Shrimp - white,,2,Basket,1.6,,500,,small!
23-11-2018,Nageshwar Prasad,,Shrimp,Snappers,Lutjanus sp.,1,Number,4,,1200,,1 big snapper
27-11-2018,Kohinoor,LVB94,Shrimp,Snappers,Lutjanus sp.,9,Number,6,,700,,
21-02-2019,Shri Ganesh,T-210219-01,Shrimp,Snappers,Lutjanus sp.,5,Number,25,,9800,,
23-03-2019,Arundaye,T-230319-01,Shrimp,Snappers,Lutjanus sp.,2,Number,1,,,,
15-11-2018,Dwarkadish,LVB91,Shrimp,Spadenose sharks,Scoliodon laticaudus,4,Number,2.5,,200,,
27-11-2018,Kohinoor,LVB94,Shrimp,Spadenose sharks,Scoliodon laticaudus,10,Number,3,,400,,44.5/F  43.5/F  Check elasmobranch sheet
29-11-2018,Ratna Bharti,T-291118-01,Shrimp,Spadenose sharks,Scoliodon laticaudus,9,Number,4.5,,600,,Elasmobranch sheet for measurements. 600 includes the hammerhead
07-02-2019,Krantiveer,T-070219-01,Shrimp,Spadenose sharks,Scoliodon laticaudus,2,Number,0.5,,,,
19-04-2019,Vishaka,T-190419-01,Shrimp,Spadenose sharks,Scoliodon laticaudus,1,Number,0.25,,,,Sold along with the wolf herrings. Tissue samples!
15-11-2018,Dwarkadish,LVB91,Shrimp,Spiny flathead,,2,Number,1.5,,50,,
27-11-2018,Kohinoor,LVB94,Shrimp,Spiny flathead,,5,Number,2,,100,,
24-12-2018,Soumya,T-241218-01,Shrimp,Spiny flathead,,2,Number,0.25,,,,
10-02-2019,Akash,,Shrimp,Spiny flathead,,1,Number,,,,,
25-03-2019,Badrakali,T-250319-01,Shrimp,Spiny flathead,,3,Number,1,,,,Sold along with rays. Few wolf herrings as well
25-12-2018,Darya Sagar,NS-251218-01,Shrimp,Spinycheek grouper,Epinephelus diacanthus,1,Basket,1,,50,,
27-02-2019,Dhanalakshmi3,T-270219-01,Shrimp,Spinycheek grouper,Epinephelus diacanthus,1,Basket,1.5,,30,,
04-03-2019,Kelbai,T-040319-01,Shrimp,Spinycheek grouper,Epinephelus diacanthus,3,Basket,3,50,150,,
08-03-2019,Siddaprasad,T-080319-01,Shrimp,Spinycheek grouper,Epinephelus diacanthus,0.5,Basket,1,,50,,
23-03-2019,Arundaye,T-230319-01,Shrimp,Spinycheek grouper,Epinephelus diacanthus,3.5,Basket,3.5,,,,
01-11-2018,Kelbai,LVB88,Shrimp,Squid,Uroteuthis duvaucelli,5,Basket,5,,800,,
03-11-2018,Shri Siddesh,NS18,Shrimp,Squid,Uroteuthis duvaucelli,0.33,Crate,10,,670,,Partly guestimated
09-11-2018,Kelbai,,Shrimp,Squid,Uroteuthis duvaucelli,1,Basket,1.5,,150,,
13-11-2018,Gandharva,LVB90,Shrimp,Squid,Uroteuthis duvaucelli,0.33,Crate,9,60,540,,Prices estimated from previous week. Double check
15-11-2018,Dwarkadish,LVB91,Shrimp,Squid,Uroteuthis duvaucelli,0.5,Basket,1,,50,,
27-11-2018,Kohinoor,LVB94,Shrimp,Squid,Uroteuthis duvaucelli,0.33,Crate,12,,2200,,7.5 kg of big squid sold at  200/kg
29-11-2018,Ratna Bharti,T-291118-01,Shrimp,Squid,Uroteuthis duvaucelli,2,Basket,2,,450,,
03-12-2018,Ganadish,T-031218-01,Shrimp,Squid,Uroteuthis duvaucelli,2,Basket,3,,100,,Sold off in the end at a very low rate
05-12-2018,Dolphin,T-051118-01,Shrimp,Squid,Uroteuthis duvaucelli,7,Crate,210,,36250,Centre,"Didn't see the crates. Rate is ~125/kg for small, 225/kg for big. SO estimated as ~ 110kg small and 100kg big"
05-12-2018,Dolphin,T-051118-01,Shrimp,Squid,Uroteuthis duvaucelli,2,Basket,2,,300,,Guessed
06-12-2018,Omkar2,,Shrimp,Squid,Uroteuthis duvaucelli,1,Basket,1,150,150,,Guestimated
11-12-2018,Dhanalakshmi,T-111218-01,Shrimp,Squid,Uroteuthis duvaucelli,3,Basket,3,,550,,"300 for 1, 250 for the other two"
24-12-2018,Soumya,T-241218-01,Shrimp,Squid,Uroteuthis duvaucelli,2,Basket,2,,,,Kept for personal use?
02-01-2019,Hemavati,T-020119-01,Shrimp,Squid,Uroteuthis duvaucelli,6,Basket,6,,800,,"3 medium sized baskets (175,175,150) and 3 small sized (100x3). Some prices guessed"
04-01-2019,Soumya,T-040119-01,Shrimp,Squid,Uroteuthis duvaucelli,4,Basket,4,150,600,,
09-01-2019,Vishaka,,Shrimp,Squid,Uroteuthis duvaucelli,8,Basket,8,,650,,
,,,Shrimp,Squid,Uroteuthis duvaucelli,,,14.5,,2445,,
28-01-2019,Mangal Moorthi,T-280119-01,Shrimp,Squid,Uroteuthis duvaucelli,2,Basket,2,,320,,
05-02-2019,Kohinoor,,Shrimp,Squid,Uroteuthis duvaucelli,14,Basket,19.6,,1900,,
11-02-2019,Soumya,T-110219-01,Shrimp,Squid,Uroteuthis duvaucelli,4,Basket,5.2,,950,,
13-02-2019,Mansarovar,T-130219-01,Shrimp,Squid,Uroteuthis duvaucelli,0.33,Crate,12,,960,,
21-02-2019,Shri Ganesh,T-210219-01,Shrimp,Squid,Uroteuthis duvaucelli,9,Basket,10.8,,1000,,Estimated
21-02-2019,Shri Ganesh,T-210219-01,Shrimp,Squid,Uroteuthis duvaucelli,1,Crate,30,,,,Unsold??!
25-02-2019,Vittal Krupa,T-250219-01,Shrimp,Squid,Uroteuthis duvaucelli,0.33,Crate,12,140,1680,,
27-02-2019,Dhanalakshmi3,T-270219-01,Shrimp,Squid,Uroteuthis duvaucelli,,,18,,2450,,
04-03-2019,Kelbai,T-040319-01,Shrimp,Squid,Uroteuthis duvaucelli,,,15,,,,Don't know where/if it was sold
08-03-2019,Siddaprasad,T-080319-01,Shrimp,Squid,Uroteuthis duvaucelli,7.5,Basket,9.5,,950,,"1 basket sold at 150, remaining 8kg at 100/kg"
13-03-2019,Chintamani,T-130819-01,Shrimp,Squid,Uroteuthis duvaucelli,0.25,Crate,8,125,1000,,Estimate
13-03-2019,Chintamani,T-130819-01,Shrimp,Squid,Uroteuthis duvaucelli,1,Basket,1.2,,130,,
15-03-2019,Kohinoor,T-150819-01,Shrimp,Squid,Uroteuthis duvaucelli,2,Basket,2.5,,250,,
15-03-2019,Kohinoor,T-150819-01,Shrimp,Squid,Uroteuthis duvaucelli,,,25,150,3750,,
21-03-2019,Nageshwar Prasad,T-210319-01,Shrimp,Squid,Uroteuthis duvaucelli,1.5,Crate,45,,,Centre,Rate??
25-03-2019,Badrakali,T-250319-01,Shrimp,Squid,Uroteuthis duvaucelli,2,Basket,2.5,,300,,
08-04-2019,Dhanalakshmi,,Shrimp,Squid,Uroteuthis duvaucelli,1,Basket,1.2,,120,,
17-04-2019,Dhanalakshmi2,T-170419-01,Shrimp,Squid,Uroteuthis duvaucelli,1,Basket,1,120,120,,
26-04-2019,Badrakali,T-260419-01,Shrimp,Squid,Uroteuthis duvaucelli,0.5,Basket,0.75,,70,,
29-04-2019,Bahubali,,Shrimp,Squid,Uroteuthis duvaucelli,0.25,Crate,8,100,800,,
12-12-2018,Omkar Ishwar,T-121218-01,Shrimp,Squid,Uroteuthis duvaucelli,,,5,230,1150,,
24-12-2018,Soumya,T-241218-01,Shrimp,Squid,Uroteuthis duvaucelli,0.33,Crate,11,150,1650,,
25-12-2018,Darya Sagar,NS-251218-01,Shrimp,Squid,Uroteuthis duvaucelli,1,Crate,40,180,7200,,
,,,Shrimp,Squid,Uroteuthis duvaucelli,0.5,Crate,14,,600,,
07-02-2019,Krantiveer,T-070219-01,Shrimp,Squid,Uroteuthis duvaucelli,2,Basket,3,,500,,Price estimated
25-02-2019,Vittal Krupa,T-250219-01,Shrimp,Squid,Uroteuthis duvaucelli,0.5,Crate,15,220,3300,,
04-03-2019,Kelbai,T-040319-01,Shrimp,Squid,Uroteuthis duvaucelli,,,10,190,1900,Swapnil,
11-03-2019,Badrakali,T-110319-01,Shrimp,Squid,,0.5,Crate,18,230,4140,,
13-03-2019,Chintamani,T-130819-01,Shrimp,Squid,Uroteuthis duvaucelli,0.75,Crate,24,190,4560,,
04-04-2019,Mansarovar,,Shrimp,Squid,Uroteuthis duvaucelli,,,3.8,200,760,,
21-03-2019,Nageshwar Prasad,T-210319-01,Shrimp,Squid,Uroteuthis duvaucelli,2,Basket,2.5,,400,,
23-03-2019,Arundaye,T-230319-01,Shrimp,Squid,Uroteuthis duvaucelli,,,23,,,,Not sure of quantity!
12-12-2018,Omkar Ishwar,T-121218-01,Shrimp,Squid,Uroteuthis duvaucelli,,,5,100,500,,
24-12-2018,Soumya,T-241218-01,Shrimp,Squid,Uroteuthis duvaucelli,0.33,Crate,12.5,40,500,,Very cheap?!
25-12-2018,Darya Sagar,NS-251218-01,Shrimp,Squid,Uroteuthis duvaucelli,,,43,,3340,,"22kg sold @ 75/kg (guessed), 14kg at 70, and remaining 7 baskets"
04-01-2019,Soumya,T-040119-01,Shrimp,Squid,Uroteuthis duvaucelli,2,Basket,2,100,200,,
07-02-2019,Krantiveer,T-070219-01,Shrimp,Squid,Uroteuthis duvaucelli,2,Basket,3,,300,,Price estimated
11-03-2019,Badrakali,T-110319-01,Shrimp,Squid,,1,Basket,1,,100,,
18-03-2019,Badrakali,T-180319-01,Shrimp,Squid,Uroteuthis duvaucelli,1,Basket,1,,50,,Rate guessed
23-03-2019,Arundaye,T-230319-01,Shrimp,Squid,Uroteuthis duvaucelli,4,Basket,4.8,,,,
29-03-2019,Gurudutt,T-290319-01,Shrimp,Squid,Uroteuthis duvaucelli,0.33,Crate,10,100,1000,,
04-04-2019,Mansarovar,,Shrimp,Squid,Uroteuthis duvaucelli,3,Basket,4,,540,,
07-11-2018,Lakshmi,,Elasmobranchs,Stingray,,2,Number,4,,700,,
16-11-2018,Om Sai,,Elasmobranchs,Stingray,,12,Number,5,,300,,
28-01-2019,Mangal Moorthi,T-280119-01,Elasmobranchs,Stingray,,2,Number,0.75,,,,"One scaly, one sharpnose"
15-03-2019,Kohinoor,T-150819-01,Elasmobranchs,Stingray,,29,Number,5,,1300,,Weight guessed
23-03-2019,Arundaye,T-230319-01,Elasmobranchs,Stingray,,5,Number,1.2,,,,"2 scaly, 1 blue, 2 white-spotted"
04-04-2019,Mansarovar,,Elasmobranchs,Stingray,,4,Number,1,100,100,,
26-04-2019,Badrakali,T-260419-01,Elasmobranchs,Stingray,,3,Number,0.5,,500,,
23-03-2019,Arundaye,T-230319-01,High Value Species,Sula,Sillago sp.,0.5,Basket,0.5,,,,
25-03-2019,Badrakali,T-250319-01,High Value Species,Sula,Sillago sp.,1,Basket,1,,150,,
17-04-2019,Dhanalakshmi2,T-170419-01,High Value Species,Sula,Sillago sp.,0.5,Basket,0.5,,100,,
01-11-2018,Kelbai,LVB88,High Value Species,Surmai,Scomberomorus sp.,,,2.5,,700,,
02-11-2018,Vishaka,LVB89,High Value Species,Surmai,Scomberomorus sp.,0.5,Crate,15,,5000,,
03-11-2018,Shri Siddesh,NS18,High Value Species,Surmai,Scomberomorus sp.,0.66,Crate,18,,3300,,
09-11-2018,Kelbai,,High Value Species,Surmai,Scomberomorus sp.,2,Crate,56,,4900,,To be resold at market
09-11-2018,Kelbai,,High Value Species,Surmai,Scomberomorus sp.,2,Number,2,,350,,
13-11-2018,Gandharva,LVB90,High Value Species,Surmai,Scomberomorus sp.,3,Crate,84,,12900,,"One crate was sold for 4300, assuming the rest as well"
27-11-2018,Kohinoor,LVB94,High Value Species,Surmai,Scomberomorus sp.,,,8,,2500,,
29-11-2018,Ratna Bharti,T-291118-01,High Value Species,Surmai,Scomberomorus sp.,30,Number,12,,1450,,
05-12-2018,Dolphin,T-051118-01,High Value Species,Surmai,Scomberomorus sp.,2,Basket,2,,300,,Guessed
12-12-2018,Omkar Ishwar,T-121218-01,High Value Species,Surmai,Scomberomorus sp.,3,Number,0.5,,200,,
12-12-2018,Omkar Ishwar,T-121218-01,High Value Species,Surmai,Scomberomorus sp.,18,Number,5,,,,"Taken back to ship, will be sold tomorrow"
04-01-2019,Soumya,T-040119-01,High Value Species,Surmai,Scomberomorus sp.,12,Number,2.5,,500,,
09-01-2019,Vishaka,,High Value Species,Surmai,Scomberomorus sp.,1,Crate,28,,2900,,
05-02-2019,Kohinoor,,High Value Species,Surmai,Scomberomorus sp.,1,Crate,25,,3350,,
27-02-2019,Dhanalakshmi3,T-270219-01,High Value Species,Surmai,Scomberomorus sp.,,,4.5,,1100,,
21-03-2019,Nageshwar Prasad,T-210319-01,High Value Species,Surmai,Scomberomorus sp.,0.25,Crate,8,400,3200,,
23-03-2019,Arundaye,T-230319-01,High Value Species,Surmai,Scomberomorus sp.,3,Basket,3,600,,,
29-03-2019,Gurudutt,T-290319-01,High Value Species,Surmai,Scomberomorus sp.,2.5,Crate,70,500,35000,,
03-12-2018,Ganadish,T-031218-01,High Value Species,Surmai,Scomberomorus sp.,0.5,Crate,12,400,4800,,
25-12-2018,Darya Sagar,NS-251218-01,High Value Species,Surmai,Scomberomorus sp.,,,54.5,,26350,,
13-02-2019,Mansarovar,T-130219-01,High Value Species,Surmai,Scomberomorus sp.,0.5,Crate,14,425,5950,,
21-02-2019,Shri Ganesh,T-210219-01,High Value Species,Surmai,Scomberomorus sp.,0.2,Crate,5,500,2500,,
08-03-2019,Siddaprasad,T-080319-01,High Value Species,Surmai,Scomberomorus sp.,0.2,Crate,5.5,,2400,,
03-12-2018,Ganadish,T-031218-01,High Value Species,Surmai,Scomberomorus sp.,26,Number,5,,1150,,
25-12-2018,Darya Sagar,NS-251218-01,High Value Species,Surmai,Scomberomorus sp.,4,Basket,4,,650,,
07-02-2019,Krantiveer,T-070219-01,High Value Species,Surmai,Scomberomorus sp.,1,Basket,1,,,,
13-02-2019,Mansarovar,T-130219-01,High Value Species,Surmai,Scomberomorus sp.,1,Crate,28,,3000,,
21-02-2019,Shri Ganesh,T-210219-01,High Value Species,Surmai,Scomberomorus sp.,0.2,Crate,6,,1200,,
25-02-2019,Vittal Krupa,T-250219-01,High Value Species,Surmai,Scomberomorus sp.,1,Basket,1.5,,650,,
27-11-2018,Kohinoor,LVB94,High Value Species,Tardoor,Opisthopterus tardoore,1,Basket,1,50,50,,
20-12-2018,Hemavati,,High Value Species,Tardoor,Opisthopterus tardoore,1,Basket,0.5,,50,,
10-02-2019,Akash,,High Value Species,Tardoor,Opisthopterus tardoore,2,Basket,2,,180,,
11-02-2019,Soumya,T-110219-01,High Value Species,Tardoor,Opisthopterus tardoore,2,Basket,2,50,100,,
19-02-2019,Audumbar,T-190219-01,High Value Species,Tardoor,Opisthopterus tardoore,2,Basket,2,50,100,,
15-03-2019,Kohinoor,T-150819-01,High Value Species,Tardoor,Opisthopterus tardoore,1,Basket,1,,100,,
23-03-2019,Arundaye,T-230319-01,High Value Species,Tardoor,Opisthopterus tardoore,1,Basket,1,,,,
29-03-2019,Gurudutt,T-290319-01,High Value Species,Tardoor,Opisthopterus tardoore,2,Crate,56,,1400,,
04-04-2019,Mansarovar,,High Value Species,Tardoor,Opisthopterus tardoore,1,Basket,1,50,50,,
17-04-2019,Dhanalakshmi2,T-170419-01,High Value Species,Tardoor,Opisthopterus tardoore,0.5,Basket,0.5,,30,,
12-12-2018,Omkar Ishwar,T-121218-01,High Value Species,Threadfin bream,Nemipterus japonicus,1,Basket,1,,100,,
02-01-2019,Hemavati,T-020119-01,High Value Species,Threadfin bream,Nemipterus japonicus,,,7,20,140,,Sold as trash
04-01-2019,Soumya,T-040119-01,High Value Species,Threadfin bream,Nemipterus japonicus,2,Basket,2,,60,,
10-02-2019,Akash,,High Value Species,Threadfin bream,Nemipterus japonicus,1,Basket,1,,75,,Price estimated
13-02-2019,Mansarovar,T-130219-01,High Value Species,Threadfin bream,Nemipterus sp.,0.5,Crate,14,40,560,Swapnil,
19-02-2019,Audumbar,T-190219-01,High Value Species,Threadfin bream,Nemipterus sp.,0.25,Crate,7,60,420,,Estimated
21-02-2019,Shri Ganesh,T-210219-01,High Value Species,Threadfin bream,Nemipterus sp.,0.66,Crate,20,100,2000,,High rate!
04-03-2019,Kelbai,T-040319-01,High Value Species,Threadfin bream,Nemipterus sp.,,,5,80,400,,Sold fresh
04-03-2019,Kelbai,T-040319-01,High Value Species,Threadfin bream,Nemipterus sp.,1,Crate,25,60,1500,,
08-03-2019,Siddaprasad,T-080319-01,High Value Species,Threadfin bream,Nemipterus sp.,2,Basket,3,,250,,Big baskets
11-03-2019,Badrakali,T-110319-01,High Value Species,Threadfin bream,Nemipterus sp.,,,21.5,70,1505,,
13-03-2019,Chintamani,T-130819-01,High Value Species,Threadfin bream,Nemipterus sp.,,,8,90,720,,
18-03-2019,Badrakali,T-180319-01,High Value Species,Threadfin bream,Nemipterus sp.,1,Crate,28,62.5,1750,Centre,Rate is an estimate from agent
23-03-2019,Arundaye,T-230319-01,High Value Species,Threadfin bream,Nemipterus sp.,0.33,Crate,9,,,,
25-03-2019,Badrakali,T-250319-01,High Value Species,Threadfin bream,Nemipterus sp.,0.75,Crate,21,50,1050,,
29-03-2019,Gurudutt,T-290319-01,High Value Species,Threadfin bream,Nemipterus sp.,0.25,Crate,7,,,,
19-04-2019,Vishaka,T-190419-01,High Value Species,Threadfin bream,Nemipterus sp.,0.75,Crate,19.5,120,2340,,
26-04-2019,Badrakali,T-260419-01,High Value Species,Threadfin bream,Nemipterus sp.,1,Basket,1,30,30,,
21-03-2019,Nageshwar Prasad,T-210319-01,High Value Species,Threadfin bream,Nemipterus sp.,0.2,Crate,4.5,,400,,
15-03-2019,Kohinoor,T-150819-01,High Value Species,Thryssa,Thryssa sp.,1.33,Crate,37,,800,,
15-11-2018,Dwarkadish,LVB91,Shrimp,Tiger prawn,,1,Basket,1,,,,Unsold
16-11-2018,Om Sai,,Shrimp,Tiger prawn,,1,Basket,1,350,350,,
19-11-2018,Vittal Krupa,,Shrimp,Tiger prawn,,1,Basket,1,450,450,,
23-11-2018,Nageshwar Prasad,,Shrimp,Tiger prawn,,1,Basket,1.1,,1100,,
24-11-2018,Om Sai,LVB93,Shrimp,Tiger prawn,,2,Basket,2,1100,2200,,
25-12-2018,Darya Sagar,NS-251218-01,Low Value Bycatch,Trash fish - Alepes,Alepes sp.,3,Crate,84,18,1512,Swapnil,
04-01-2019,Soumya,T-040119-01,Low Value Bycatch,Trash fish - Alepes,Alepes sp.,,,54,17,918,,Mostly Alepes. No sample
04-04-2019,Mansarovar,,Low Value Bycatch,Trash fish - Moon fish,Mene maculata,1,Crate,28,16.5,462,,
25-12-2018,Darya Sagar,NS-251218-01,Low Value Bycatch,Trash fish - Nemipterus,Nemipterus japonicus,2,Crate,56,20,1120,Swapnil,
28-01-2019,Mangal Moorthi,T-280119-01,Low Value Bycatch,Trash fish - Nemipterus,Nemipterus japonicus,1.5,Crate,40,50,2000,,
02-11-2018,Vishaka,LVB89,High Value Species,Trevally,,0.5,Crate,15,,1000,,
24-11-2018,Om Sai,LVB93,High Value Species,Trevally,,9,Number,3,,1700,,
12-12-2018,Omkar Ishwar,T-121218-01,High Value Species,Trevally,Atropus atropos,2,Basket,2,,100,,"""Gabe"" in Marathi"
25-12-2018,Darya Sagar,NS-251218-01,High Value Species,Trevally,Atropus atropos,0.75,Crate,21,,550,,
09-01-2019,Vishaka,,High Value Species,Trevally,,2,Basket,2,,100,,
13-02-2019,Mansarovar,T-130219-01,High Value Species,Trevally,,,,3,,300,,
15-03-2019,Kohinoor,T-150819-01,High Value Species,Trevally,,0.25,Crate,7,,1200,,
29-03-2019,Gurudutt,T-290319-01,High Value Species,Trevally,,0.5,Crate,14,,350,,
15-03-2019,Kohinoor,T-150819-01,High Value Species,Trevally,,0.25,Crate,7,,440,,
18-03-2019,Badrakali,T-180319-01,,Unknown,,1,Basket,1,,125,,Quantity guessed
25-03-2019,Badrakali,T-250319-01,,Unknown,,7,Basket,6,,600,,Approx 7 baskets sold initially
01-11-2018,Kelbai,LVB88,High Value Species,Wolf herring,Chirocentrus dorab,,,3,,700,,
02-11-2018,Vishaka,LVB89,High Value Species,Wolf herring,Chirocentrus dorab,0.5,Crate,15,,1800,,
03-11-2018,Shri Siddesh,NS18,High Value Species,Wolf herring,Chirocentrus dorab,0.33,Crate,9,,850,,Herrings+1 shark
04-01-2019,Soumya,T-040119-01,High Value Species,Wolf herring,Chirocentrus dorab,1,Number,0.5,,75,,
13-02-2019,Mansarovar,T-130219-01,High Value Species,Wolf herring,Chirocentrus dorab,,,2,,600,,
21-03-2019,Nageshwar Prasad,T-210319-01,High Value Species,Wolf herring,Chirocentrus dorab,,,7.5,,550,,
29-03-2019,Gurudutt,T-290319-01,High Value Species,Wolf herring,Chirocentrus dorab,0.25,Crate,7,,300,,
19-04-2019,Vishaka,T-190419-01,High Value Species,Wolf herring,Chirocentrus dorab,1,Basket,1,70,70,,
23-03-2019,Arundaye,T-230319-01,High Value Species,Wolf herring,Chirocentrus dorab,1,Basket,1,,,,
